DATE,TIME_M,EX,SYM_ROOT,SYM_SUFFIX,TR_SCOND,SIZE,PRICE,TR_CORR,TR_SEQNUM,TR_SOURCE,TR_RF
20181217,9:30:01.005852000,N,A,,O,19875,69.11,00,279001,C,
20181217,9:30:01.011290000,N,A,,,100,69.11,00,283401,C,
20181217,9:30:01.019645000,D,A,,,100,69.06,00,284301,C,T
20181217,9:30:03.195176000,P,A,,,100,69.05,00,311701,C,
20181217,9:30:03.195210000,P,A,,Q,100,69.05,00,311801,C,
20181217,9:30:03.195228000,P,A,,,100,69.05,00,311901,C,
20181217,9:30:03.195620000,T,A,,,100,69.05,00,312001,C,
20181217,9:30:03.195659000,T,A,,Q,100,69.05,00,312101,C,
20181217,9:30:03.195739000,Z,A,,F,100,69,00,312201,C,
20181217,9:30:04.556955000,D,A,,4 I,2,69.11,00,320801,C,T
20181217,9:30:05.447471000,B,A,,I,50,68.81,00,328601,C,
20181217,9:30:05.452938000,A,A,,F I,16,68.81,00,328701,C,
20181217,9:30:05.456095000,N,A,,F I,34,68.81,00,328801,C,
20181217,9:30:07.089401000,P,A,,,100,69,00,338301,C,
20181217,9:30:11.687556000,D,A,,4 I,1,69.11,00,383701,C,T
20181217,9:30:12.244177000,D,A,,I,1,69.03,00,385901,C,T
20181217,9:30:29.004068000,T,A,,,100,68.83,00,454701,C,
20181217,9:30:32.299915000,N,A,,I,2,68.89,00,491901,C,
20181217,9:31:00.873468000,D,A,,4 I,1,69.11,00,632001,C,T
20181217,9:31:03.744963000,D,A,,I,60,68.8553,00,646001,C,T
20181217,9:31:07.845729000,N,A,,,100,68.81,00,672501,C,
20181217,9:31:07.845750000,N,A,,,100,68.8,00,672601,C,
20181217,9:31:07.845988000,N,A,,I,57,68.81,00,672701,C,
20181217,9:31:07.854991000,N,A,,,100,68.8,00,672801,C,
20181217,9:31:07.855090000,Z,A,,I,30,68.8,00,672901,C,
20181217,9:31:07.856606000,T,A,,,100,68.75,00,673001,C,
20181217,9:31:07.856653000,T,A,,,100,68.75,00,673101,C,
20181217,9:31:07.856680000,K,A,,,100,68.79,00,673201,C,
20181217,9:31:07.856708000,T,A,,I,29,68.73,00,673301,C,
20181217,9:31:07.856828000,N,A,,F,299,68.73,00,673401,C,
20181217,9:31:20.565815000,P,A,,F I,5,68.78,00,771801,C,
20181217,9:31:20.565859000,P,A,,F I,5,68.78,00,771901,C,
20181217,9:31:20.565917000,T,A,,F,100,68.79,00,772001,C,
20181217,9:31:20.565940000,Z,A,,,100,68.79,00,772101,C,
20181217,9:31:20.565971000,P,A,,,100,68.8,00,772201,C,
20181217,9:31:20.565978000,Y,A,,I,6,68.79,00,772301,C,
20181217,9:31:20.566005000,T,A,,,100,68.79,00,772401,C,
20181217,9:31:20.566020000,P,A,,,100,68.8,00,772501,C,
20181217,9:31:20.566042000,Z,A,,,100,68.79,00,772601,C,
20181217,9:31:20.566059000,T,A,,,100,68.79,00,772701,C,
20181217,9:31:20.566087000,P,A,,,100,68.8,00,772801,C,
20181217,9:31:20.566111000,T,A,,I,2,68.79,00,772901,C,
20181217,9:31:20.566129000,P,A,,,100,68.8,00,773001,C,
20181217,9:31:20.566160000,Z,A,,,100,68.79,00,773101,C,
20181217,9:31:20.566187000,Y,A,,F I,50,68.8,00,773201,C,
20181217,9:31:20.566199000,Y,A,,F I,50,68.8,00,773301,C,
20181217,9:31:20.566224000,J,A,,F,100,68.8,00,773401,C,
20181217,9:31:20.566253000,P,A,,F I,45,68.81,00,773501,C,
20181217,9:31:20.566266000,P,A,,F I,55,68.81,00,773601,C,
20181217,9:31:20.566350000,T,A,,,100,68.8,00,773701,C,
20181217,9:31:20.566396000,T,A,,,100,68.8,00,773801,C,
20181217,9:31:20.566420000,T,A,,F,100,68.79,00,773901,C,
20181217,9:31:20.566437000,B,A,,,100,68.79,00,774001,C,
20181217,9:31:20.566456000,T,A,,,100,68.8,00,774101,C,
20181217,9:31:20.566511000,P,A,,F,100,68.78,00,774201,C,
20181217,9:31:20.566634000,T,A,,F I,3,68.78,00,774301,C,
20181217,9:31:20.566673000,T,A,,F I,97,68.78,00,774401,C,
20181217,9:31:20.567519000,D,A,,,100,68.72,00,774501,C,T
20181217,9:31:20.578403000,D,A,,,100,68.81,00,774601,C,T
20181217,9:31:20.590544000,J,A,,I,10,68.77,00,774701,C,
20181217,9:31:20.590587000,K,A,,I,10,68.77,00,774801,C,
20181217,9:31:20.590735000,Z,A,,,100,68.78,00,774901,C,
20181217,9:31:20.590778000,T,A,,,100,68.77,00,775001,C,
20181217,9:31:20.590846000,T,A,,,100,68.78,00,775101,C,
20181217,9:31:20.590879000,T,A,,I,10,68.78,00,775201,C,
20181217,9:31:20.591004000,T,A,,F I,10,68.78,00,775301,C,
20181217,9:31:20.591092000,J,A,,I,14,68.8,00,775401,C,
20181217,9:31:20.591200000,N,A,,F I,41,68.8,00,775501,C,
20181217,9:31:20.591455000,J,A,,F I,86,68.8,00,775601,C,
20181217,9:31:20.591570000,N,A,,F I,14,68.8,00,775701,C,
20181217,9:31:20.591729000,N,A,,I,45,68.8,00,775801,C,
20181217,9:31:20.811545000,T,A,,F I,20,68.77,00,776001,C,
20181217,9:31:20.811562000,T,A,,F I,80,68.77,00,776101,C,
20181217,9:31:50.855105000,N,A,,,100,68.66,00,974201,C,
20181217,9:31:50.855147000,P,A,,F,100,68.66,00,974301,C,
20181217,9:31:50.855329000,N,A,,F,117,68.65,00,974401,C,
20181217,9:31:50.855384000,P,A,,F,100,68.65,00,974501,C,
20181217,9:31:50.855608000,K,A,,F I,25,68.66,00,974601,C,
20181217,9:31:50.855740000,T,A,,F,100,68.66,00,974701,C,
20181217,9:31:50.855827000,K,A,,F I,25,68.65,00,974801,C,
20181217,9:31:50.855974000,T,A,,F,100,68.65,00,974901,C,
20181217,9:31:50.856095000,X,A,,F,110,68.64,00,975001,C,
20181217,9:31:50.856135000,X,A,,F I,93,68.64,00,975101,C,
20181217,9:31:58.747433000,Z,A,,I,4,68.72,00,1005401,C,
20181217,9:32:05.580568000,Z,A,,I,5,68.72,00,1068101,C,
20181217,9:32:07.938706000,D,A,,,100,68.655,00,1077701,C,T
20181217,9:32:07.941115000,D,A,,,300,68.655,00,1077801,C,T
20181217,9:32:20.393069000,N,A,,I,1,68.74,00,1150201,C,
20181217,9:32:20.393096000,Z,A,,I,2,68.74,00,1150301,C,
20181217,9:32:20.393119000,Z,A,,I,98,68.74,00,1150401,C,
20181217,9:32:20.393347000,T,A,,I,6,68.74,00,1150501,C,
20181217,9:32:20.393401000,Y,A,,F I,38,68.75,00,1150601,C,
20181217,9:32:20.393426000,N,A,,F,100,68.75,00,1150701,C,
20181217,9:32:20.393444000,Y,A,,I,62,68.75,00,1150801,C,
20181217,9:32:20.393929000,D,A,,,100,68.67,00,1150901,C,T
20181217,9:32:20.394043000,D,A,,,100,68.68,00,1151001,C,T
20181217,9:32:20.394366000,D,A,,,100,68.685,00,1151101,C,T
20181217,9:32:20.395124000,D,A,,,100,68.67,00,1151201,C,T
20181217,9:32:20.395524000,D,A,,,100,68.67,00,1151401,C,T
20181217,9:32:20.402906000,Z,A,,,100,68.72,00,1151701,C,
20181217,9:32:20.416338000,D,A,,,100,68.7,00,1151901,C,T
20181217,9:32:45.134453000,Y,A,,F,100,68.72,00,1272301,C,
20181217,9:33:05.876593000,N,A,,F,123,68.62,00,1409001,C,
20181217,9:33:05.876644000,N,A,,F,147,68.62,00,1409101,C,
20181217,9:33:05.876742000,N,A,,F I,30,68.62,00,1409301,C,
20181217,9:33:05.877014000,T,A,,F I,77,68.62,00,1409401,C,
20181217,9:33:05.883179000,T,A,,,100,68.59,00,1410501,C,
20181217,9:33:05.883480000,N,A,,,200,68.59,00,1410601,C,
20181217,9:33:05.883738000,T,A,,,100,68.59,00,1410701,C,
20181217,9:33:05.889395000,K,A,,F,100,68.58,00,1413901,C,
20181217,9:33:05.893585000,P,A,,F,100,68.55,00,1416201,C,
20181217,9:33:05.893763000,N,A,,F,150,68.55,00,1416301,C,
20181217,9:33:05.893794000,N,A,,F I,50,68.55,00,1416401,C,
20181217,9:33:05.947021000,D,A,,I,5,68.545,00,1417501,C,T
20181217,9:33:06.049820000,D,A,,I,15,68.54,00,1420901,C,N
20181217,9:33:13.801354000,N,A,,,102,68.58,00,1475601,C,
20181217,9:33:13.801679000,Z,A,,,100,68.58,00,1475701,C,
20181217,9:33:13.801714000,T,A,,,100,68.58,00,1475801,C,
20181217,9:33:13.801734000,X,A,,,100,68.58,00,1475901,C,
20181217,9:33:13.801770000,T,A,,I,58,68.58,00,1476001,C,
20181217,9:33:13.801792000,Z,A,,,100,68.58,00,1476101,C,
20181217,9:33:13.801807000,T,A,,I,42,68.58,00,1476201,C,
20181217,9:33:13.801839000,T,A,,,100,68.58,00,1476301,C,
20181217,9:33:13.801857000,T,A,,,100,68.58,00,1476401,C,
20181217,9:33:13.801874000,T,A,,,100,68.58,00,1476501,C,
20181217,9:33:13.802133000,Z,A,,F,100,68.61,00,1476601,C,
20181217,9:33:13.802218000,N,A,,F,100,68.62,00,1476701,C,
20181217,9:33:13.802255000,Z,A,,F I,37,68.62,00,1476801,C,
20181217,9:33:13.802434000,Z,A,,F I,57,68.62,00,1476901,C,
20181217,9:33:28.136164000,D,A,,I,94,68.68,00,1580501,C,T
20181217,9:33:28.152887000,D,A,,,200,68.62,00,1580701,C,T
20181217,9:33:29.132948000,Z,A,,F,100,68.68,00,1599301,C,
20181217,9:33:29.133386000,N,A,,F I,17,68.7,00,1599401,C,
20181217,9:33:29.133623000,Z,A,,F,100,68.69,00,1599501,C,
20181217,9:33:29.133667000,Z,A,,F I,1,68.69,00,1599601,C,
20181217,9:33:29.133705000,Z,A,,I,1,68.69,00,1599701,C,
20181217,9:33:29.134059000,V,A,,,200,68.69,00,1599801,C,
20181217,9:33:29.134606000,D,A,,,100,68.62,00,1599901,C,T
20181217,9:33:29.136700000,D,A,,,100,68.62,00,1602301,C,T
20181217,9:33:29.141291000,D,A,,,100,68.665,00,1603201,C,N
20181217,9:33:29.147162000,D,A,,I,76,68.69,00,1603301,C,T
20181217,9:33:29.168793000,Z,A,,F I,32,68.65,00,1603701,C,
20181217,9:33:31.602904000,Z,A,,,100,68.62,00,1635201,C,
20181217,9:34:05.722405000,D,A,,,900,68.615,00,1798401,C,T
20181217,9:34:05.756516000,D,A,,,400,68.615,00,1798501,C,T
20181217,9:34:05.780596000,D,A,,,3100,68.615,00,1798601,C,T
20181217,9:34:06.188616000,D,A,,,600,68.615,00,1799301,C,T
20181217,9:34:08.034689000,Z,A,,F,100,68.65,00,1801901,C,
20181217,9:34:08.034707000,K,A,,F,100,68.65,00,1802001,C,
20181217,9:34:08.034853000,T,A,,F,100,68.65,00,1802101,C,
20181217,9:34:08.034944000,T,A,,,100,68.63,00,1802201,C,
20181217,9:34:08.158419000,D,A,,,100,68.65,00,1805201,C,T
20181217,9:34:41.018784000,N,A,,I,2,68.62,00,1983801,C,
20181217,9:34:41.023512000,Z,A,,F,100,68.66,00,1983901,C,
20181217,9:34:41.024717000,N,A,,F,200,68.67,00,1984001,C,
20181217,9:34:41.024833000,N,A,,I,3,68.67,00,1984101,C,
20181217,9:34:41.024855000,K,A,,F,300,68.67,00,1984201,C,
20181217,9:34:41.024867000,K,A,,F,100,68.67,00,1984301,C,
20181217,9:34:43.178384000,D,A,,,100,68.64,00,1987901,C,T
20181217,9:34:44.089793000,D,A,,,600,68.66,00,1994001,C,T
20181217,9:34:44.093305000,D,A,,,100,68.66,00,1994101,C,T
20181217,9:34:44.093377000,D,A,,,200,68.66,00,1994201,C,T
20181217,9:34:44.266658000,N,A,,F,100,68.64,00,1994601,C,
20181217,9:34:44.266813000,N,A,,F,200,68.64,00,1994701,C,
20181217,9:34:44.267158000,K,A,,,100,68.64,00,1994801,C,
20181217,9:34:44.267780000,T,A,,F,100,68.63,00,1994901,C,
20181217,9:34:44.267836000,Z,A,,I,2,68.65,00,1995001,C,
20181217,9:34:44.268819000,K,A,,,100,68.63,00,1995101,C,
20181217,9:34:44.268852000,K,A,,,100,68.62,00,1995201,C,
20181217,9:34:44.269721000,D,A,,,100,68.66,00,1995301,C,T
20181217,9:34:44.271391000,T,A,,F,100,68.63,00,1995401,C,
20181217,9:34:44.272434000,V,A,,,100,68.65,00,1995501,C,
20181217,9:34:44.272475000,V,A,,,200,68.65,00,1995601,C,
20181217,9:34:46.229223000,K,A,,F,100,68.64,00,2014701,C,
20181217,9:34:48.332921000,D,A,,,225,68.6701,00,2035201,C,T
20181217,9:34:49.894768000,N,A,,I,3,68.68,00,2042201,C,
20181217,9:34:49.894822000,T,A,,I,16,68.68,00,2042301,C,
20181217,9:34:49.894841000,T,A,,,201,68.68,00,2042401,C,
20181217,9:34:49.894882000,K,A,,,100,68.68,00,2042501,C,
20181217,9:35:01.055824000,D,A,,,167,68.675,00,2136601,C,T
20181217,9:35:04.568978000,P,A,,,100,68.7,00,2188701,C,
20181217,9:35:04.568997000,P,A,,,100,68.7,00,2188801,C,
20181217,9:35:04.569138000,N,A,,I,83,68.7,00,2188901,C,
20181217,9:35:04.569573000,T,A,,,100,68.7,00,2189001,C,
20181217,9:35:04.569611000,Z,A,,F I,2,68.7,00,2189101,C,
20181217,9:35:04.643126000,V,A,,,300,68.73,00,2189701,C,
20181217,9:35:06.229002000,K,A,,F I,7,68.69,00,2205201,C,
20181217,9:35:06.229155000,T,A,,F I,2,68.7,00,2205301,C,
20181217,9:35:06.230577000,D,A,,,100,68.705,00,2205401,C,T
20181217,9:35:06.230692000,D,A,,,100,68.705,00,2205501,C,T
20181217,9:35:06.231549000,T,A,,,100,68.74,00,2205601,C,
20181217,9:35:06.232013000,D,A,,,100,68.705,00,2205701,C,T
20181217,9:35:06.232098000,D,A,,,100,68.705,00,2205801,C,N
20181217,9:35:06.247625000,D,A,,,100,68.71,00,2205901,C,T
20181217,9:35:06.247734000,D,A,,,300,68.71,00,2206001,C,T
20181217,9:35:06.253389000,D,A,,,100,68.75,00,2206101,C,T
20181217,9:35:06.276673000,D,A,,,100,68.71,00,2206201,C,T
20181217,9:35:06.279014000,V,A,,,100,68.71,00,2206301,C,
20181217,9:35:06.321835000,V,A,,,100,68.71,00,2206401,C,
20181217,9:35:06.330769000,D,A,,,100,68.71,00,2206501,C,T
20181217,9:35:06.332484000,D,A,,,100,68.71,00,2206601,C,T
20181217,9:35:06.342976000,D,A,,,400,68.71,00,2206801,C,T
20181217,9:35:06.344790000,T,A,,,100,68.75,00,2206901,C,
20181217,9:35:06.449207000,D,A,,,100,68.705,00,2207201,C,T
20181217,9:35:09.624244000,D,A,,,100,68.66,00,2224001,C,T
20181217,9:35:11.361698000,D,A,,,100,68.715,00,2229901,C,T
20181217,9:35:12.168523000,K,A,,I,68,68.69,00,2235801,C,
20181217,9:35:12.168575000,K,A,,F I,25,68.69,00,2235901,C,
20181217,9:35:18.418510000,D,A,,,100,68.66,00,2281201,C,T
20181217,9:35:23.381684000,D,A,,,100,68.66,00,2299401,C,T
20181217,9:35:23.388633000,D,A,,,142,68.74,00,2299501,C,T
20181217,9:35:28.421280000,D,A,,,100,68.66,00,2330601,C,T
20181217,9:35:33.426674000,D,A,,,100,68.66,00,2378001,C,T
20181217,9:35:38.406085000,D,A,,,200,68.66,00,2404201,C,T
20181217,9:35:40.881374000,D,A,,,100,68.66,00,2419401,C,T
20181217,9:35:40.913977000,D,A,,I,17,68.66,00,2419501,C,T
20181217,9:35:50.000324000,N,A,,F,100,68.69,00,2462901,C,
20181217,9:35:50.000356000,N,A,,F I,35,68.68,00,2463001,C,
20181217,9:35:50.000384000,Z,A,,F I,2,68.68,00,2463101,C,
20181217,9:35:50.000411000,N,A,,F I,65,68.68,00,2463201,C,
20181217,9:35:50.000426000,N,A,,F I,65,68.68,00,2463301,C,
20181217,9:35:50.000455000,Z,A,,F I,98,68.66,00,2463401,C,
20181217,9:35:50.000500000,Z,A,,F I,2,68.66,00,2463501,C,
20181217,9:35:50.000520000,Z,A,,F I,63,68.66,00,2463601,C,
20181217,9:35:50.000540000,Z,A,,F I,2,68.66,00,2463701,C,
20181217,9:35:50.000569000,K,A,,,100,68.69,00,2463801,C,
20181217,9:35:50.000581000,P,A,,,100,68.68,00,2463901,C,
20181217,9:35:50.000611000,N,A,,F I,7,68.68,00,2464001,C,
20181217,9:35:50.000629000,N,A,,F I,28,68.68,00,2464101,C,
20181217,9:35:50.000656000,N,A,,F,171,68.66,00,2464201,C,
20181217,9:35:50.000680000,Z,A,,F,166,68.65,00,2464301,C,
20181217,9:35:50.000700000,K,A,,F I,94,68.69,00,2464401,C,
20181217,9:35:50.000720000,K,A,,F I,6,68.65,00,2464501,C,
20181217,9:35:50.000737000,Z,A,,F I,34,68.65,00,2464601,C,
20181217,9:35:50.000757000,K,A,,,100,68.68,00,2464701,C,
20181217,9:35:50.000834000,N,A,,I,24,68.66,00,2464801,C,
20181217,9:35:50.000858000,N,A,,I,5,68.66,00,2464901,C,
20181217,9:35:50.001003000,K,A,,F,100,68.68,00,2465001,C,
20181217,9:35:50.001398000,K,A,,I,24,68.65,00,2465101,C,
20181217,9:35:50.001431000,K,A,,I,70,68.65,00,2465201,C,
20181217,9:35:50.001482000,Y,A,,,100,68.66,00,2465301,C,
20181217,9:36:17.522604000,D,A,,I,14,68.73,00,2658201,C,T
20181217,9:36:31.179769000,N,A,,I,20,68.63,00,2754501,C,
20181217,9:36:31.180447000,D,A,,,100,68.63,00,2754601,C,T
20181217,9:36:31.189505000,N,A,,F I,2,68.68,00,2754701,C,
20181217,9:36:31.190834000,X,A,,F,186,68.69,00,2754801,C,
20181217,9:37:00.521748000,D,A,,,100,68.64,00,2957601,C,T
20181217,9:37:05.983290000,D,A,,,100,68.66,00,3000401,C,T
20181217,9:37:06.386172000,D,A,,I,14,68.6605,00,3007301,C,T
20181217,9:37:12.932796000,D,A,,,500,68.68,00,3074101,C,T
20181217,9:37:29.869074000,N,A,,F,100,68.64,00,3192201,C,
20181217,9:37:29.869381000,P,A,,I,42,68.64,00,3192301,C,
20181217,9:37:29.869740000,T,A,,,100,68.66,00,3192401,C,
20181217,9:37:29.907202000,N,A,,,100,68.64,00,3192601,C,
20181217,9:37:29.907478000,T,A,,,100,68.66,00,3192701,C,
20181217,9:37:32.019290000,P,A,,I,58,68.65,00,3222301,C,
20181217,9:37:32.025143000,N,A,,F I,2,68.66,00,3222401,C,
20181217,9:37:32.026190000,Z,A,,F,100,68.69,00,3222501,C,
20181217,9:37:32.026232000,Z,A,,F I,98,68.7,00,3222601,C,
20181217,9:37:32.026829000,Z,A,,F I,2,68.7,00,3222701,C,
20181217,9:37:32.026874000,Z,A,,F,100,68.7,00,3222801,C,
20181217,9:37:32.026905000,Z,A,,F I,98,68.7,00,3222901,C,
20181217,9:37:32.027094000,V,A,,I,54,68.7,00,3223001,C,
20181217,9:37:34.379320000,N,A,,F I,99,68.66,00,3231801,C,
20181217,9:37:34.379351000,N,A,,F I,1,68.66,00,3231901,C,
20181217,9:37:34.379408000,Z,A,,F,100,68.66,00,3232001,C,
20181217,9:37:34.380159000,D,A,,,100,68.6925,00,3232101,C,T
20181217,9:37:34.849867000,D,A,,,100,68.66,00,3237801,C,T
20181217,9:37:36.265788000,Z,A,,F,100,68.66,00,3251601,C,
20181217,9:37:44.721384000,P,A,,F I,58,68.66,00,3295701,C,
20181217,9:37:44.721490000,P,A,,I,42,68.66,00,3295801,C,
20181217,9:37:44.721526000,P,A,,I,16,68.64,00,3295901,C,
20181217,9:37:44.721544000,Z,A,,F,100,68.64,00,3296001,C,
20181217,9:37:47.166352000,Z,A,,F I,36,68.64,00,3304601,C,
20181217,9:37:47.175691000,D,A,,,100,68.665,00,3304701,C,T
20181217,9:37:51.008123000,Z,A,,F,100,68.64,00,3317801,C,
20181217,9:37:52.956557000,D,A,,I,20,68.6401,00,3323101,C,T
20181217,9:37:57.366158000,Z,A,,F,100,68.63,00,3353001,C,
20181217,9:37:57.366298000,T,A,,F,100,68.63,00,3353101,C,
20181217,9:37:57.366336000,T,A,,F,100,68.63,00,3353201,C,
20181217,9:37:57.620108000,N,A,,F,200,68.63,00,3354901,C,
20181217,9:38:00.368169000,D,A,,,100,68.62,00,3391301,C,T
20181217,9:38:00.694401000,D,A,,,100,68.62,00,3400701,C,T
20181217,9:38:00.841188000,N,A,,,100,68.62,00,3401501,C,
20181217,9:38:03.262825000,Z,A,,I,1,68.62,00,3415801,C,
20181217,9:38:05.047604000,P,A,,F,100,68.62,00,3431401,C,
20181217,9:38:08.719717000,N,A,,,200,68.61,00,3455701,C,
20181217,9:38:08.719863000,T,A,,,100,68.61,00,3455801,C,
20181217,9:38:08.719910000,Z,A,,F I,99,68.62,00,3455901,C,
20181217,9:38:32.655625000,K,A,,F,100,68.56,00,3602601,C,
20181217,9:38:35.275324000,N,A,,F I,7,68.55,00,3626801,C,
20181217,9:38:50.279565000,T,A,,F,100,68.52,00,3720201,C,
20181217,9:38:50.279577000,T,A,,F I,90,68.52,00,3720301,C,
20181217,9:38:50.279635000,T,A,,I,10,68.52,00,3720601,C,
20181217,9:38:50.342051000,N,A,,,100,68.53,00,3721501,C,
20181217,9:38:50.357969000,N,A,,,100,68.52,00,3721901,C,
20181217,9:38:50.363613000,K,A,,,100,68.52,00,3722001,C,
20181217,9:38:51.531761000,N,A,,F,100,68.51,00,3735001,C,
20181217,9:38:51.564509000,D,A,,,300,68.53,00,3735101,C,T
20181217,9:38:57.505630000,Y,A,,,100,68.535,00,3758001,C,
20181217,9:39:03.859671000,D,A,,I,10,68.49,00,3800301,C,N
20181217,9:39:14.982647000,P,A,,,100,68.55,00,3868901,C,
20181217,9:39:14.982930000,N,A,,F I,2,68.55,00,3869001,C,
20181217,9:39:14.983358000,T,A,,F I,50,68.55,00,3869101,C,
20181217,9:39:14.983393000,T,A,,F I,50,68.55,00,3869201,C,
20181217,9:39:14.983412000,T,A,,I,50,68.55,00,3869301,C,
20181217,9:39:14.983618000,Z,A,,I,10,68.55,00,3869401,C,
20181217,9:39:14.983658000,Z,A,,F I,10,68.55,00,3869501,C,
20181217,9:39:14.983722000,Z,A,,,100,68.55,00,3869601,C,
20181217,9:39:17.554319000,D,A,,4 B,100,68.5331,00,3886701,C,T
20181217,9:39:19.163157000,D,A,,,100,68.49,00,3891901,C,T
20181217,9:39:19.167227000,K,A,,I,43,68.5,00,3892001,C,
20181217,9:39:19.167862000,D,A,,,100,68.4943,00,3892101,C,N
20181217,9:39:19.173836000,N,A,,I,95,68.49,00,3892201,C,
20181217,9:39:19.690012000,D,A,,I,1,68.55,00,3897701,C,T
20181217,9:39:22.192213000,Z,A,,F,100,68.49,00,3903201,C,
20181217,9:39:27.074723000,D,A,,I,17,68.5499,00,3922401,C,T
20181217,9:39:35.753007000,N,A,,F I,2,68.49,00,3979701,C,
20181217,9:39:36.219182000,D,A,,,100,68.515,00,3981601,C,T
20181217,9:39:39.159250000,T,A,,,100,68.49,00,3993501,C,
20181217,9:39:46.124650000,N,A,,I,28,68.48,00,4033801,C,
20181217,9:39:46.124798000,C,A,,F,100,68.46,00,4033901,C,
20181217,9:39:54.046135000,B,A,,F,100,68.46,00,4077101,C,
20181217,9:40:02.371040000,N,A,,F,100,68.46,00,4136301,C,
20181217,9:40:04.658249000,D,A,,I,13,68.4876,00,4153801,C,T
20181217,9:40:09.442936000,N,A,,F,100,68.46,00,4190001,C,
20181217,9:40:12.435954000,V,A,,,100,68.495,00,4208701,C,
20181217,9:40:17.839187000,B,A,,F,100,68.46,00,4237301,C,
20181217,9:40:20.114371000,K,A,,,100,68.5,00,4249501,C,
20181217,9:40:20.771593000,D,A,,I,4,68.5299,00,4253401,C,T
20181217,9:40:24.966946000,B,A,,F,100,68.47,00,4280401,C,
20181217,9:40:28.019086000,T,A,,I,2,68.5,00,4300501,C,
20181217,9:40:30.070312000,V,A,,I,31,68.48,00,4334201,C,
20181217,9:40:30.112605000,V,A,,,100,68.5,00,4336201,C,
20181217,9:40:30.116673000,N,A,,I,72,68.53,00,4336401,C,
20181217,9:40:34.120545000,Y,A,,F,100,68.48,00,4364801,C,
20181217,9:40:34.657274000,J,A,,I,3,68.53,00,4366001,C,
20181217,9:40:42.468127000,B,A,,F,100,68.47,00,4418801,C,
20181217,9:40:50.661598000,N,A,,F,100,68.47,00,4460101,C,
20181217,9:40:56.663286000,Z,A,,F,100,68.47,00,4482901,C,
20181217,9:40:56.663417000,T,A,,F,100,68.47,00,4483001,C,
20181217,9:40:56.663494000,K,A,,,100,68.49,00,4483101,C,
20181217,9:40:58.498039000,N,A,,F,100,68.46,00,4496301,C,
20181217,9:41:06.796301000,N,A,,F,100,68.46,00,4544501,C,
20181217,9:41:06.796491000,N,A,,F,100,68.46,00,4544601,C,
20181217,9:41:06.796531000,N,A,,,100,68.46,00,4544701,C,
20181217,9:41:06.796982000,T,A,,F,100,68.46,00,4544801,C,
20181217,9:41:06.797003000,T,A,,F,100,68.46,00,4544901,C,
20181217,9:41:06.797034000,T,A,,F,100,68.46,00,4545001,C,
20181217,9:41:06.797153000,K,A,,,100,68.47,00,4545101,C,
20181217,9:41:06.797190000,K,A,,,100,68.47,00,4545201,C,
20181217,9:41:07.220118000,K,A,,,100,68.47,00,4548401,C,
20181217,9:41:08.220421000,K,A,,,100,68.47,00,4550701,C,
20181217,9:41:08.833235000,N,A,,I,40,68.46,00,4556701,C,
20181217,9:41:09.207936000,K,A,,,100,68.47,00,4558201,C,
20181217,9:41:13.103192000,Z,A,,F I,90,68.42,00,4582701,C,
20181217,9:41:13.103275000,N,A,,I,70,68.46,00,4582801,C,
20181217,9:41:13.103318000,Z,A,,I,10,68.42,00,4582901,C,
20181217,9:41:13.103373000,N,A,,I,90,68.46,00,4583001,C,
20181217,9:41:13.103394000,Z,A,,F I,7,68.42,00,4583101,C,
20181217,9:41:14.765120000,Z,A,,F I,60,68.42,00,4592201,C,
20181217,9:41:14.765170000,Z,A,,I,30,68.42,00,4592301,C,
20181217,9:41:14.765933000,T,A,,I,80,68.42,00,4592401,C,
20181217,9:41:15.162523000,D,A,,,100,68.41,00,4596401,C,T
20181217,9:41:15.947026000,T,A,,I,20,68.42,00,4601201,C,
20181217,9:41:18.030364000,N,A,,F I,36,68.37,00,4611301,C,
20181217,9:41:18.030392000,N,A,,F I,64,68.36,00,4611401,C,
20181217,9:41:22.100421000,D,A,,,100,68.43,00,4634701,C,T
20181217,9:41:28.069308000,T,A,,F I,2,68.4,00,4667701,C,
20181217,9:41:34.351157000,B,A,,F,100,68.37,00,4722601,C,
20181217,9:41:34.469799000,D,A,,I,3,68.3601,00,4722701,C,T
20181217,9:41:41.137198000,C,A,,F,100,68.43,00,4759401,C,
20181217,9:41:50.472650000,B,A,,F,100,68.36,00,4791101,C,
20181217,9:42:03.092751000,N,A,,F I,2,68.43,00,4872401,C,
20181217,9:42:03.092862000,J,A,,F I,97,68.43,00,4872501,C,
20181217,9:42:03.092961000,T,A,,F I,1,68.43,00,4872601,C,
20181217,9:42:09.244012000,Z,A,,,100,68.37,00,4906401,C,
20181217,9:42:18.568326000,Z,A,,F,100,68.36,00,4940501,C,
20181217,9:42:18.568521000,N,A,,,100,68.36,00,4940601,C,
20181217,9:42:18.568584000,P,A,,,100,68.36,00,4940701,C,
20181217,9:42:18.568760000,N,A,,I,36,68.36,00,4940801,C,
20181217,9:42:18.568800000,N,A,,,100,68.36,00,4940901,C,
20181217,9:42:18.569202000,T,A,,,100,68.36,00,4941001,C,
20181217,9:42:18.569231000,T,A,,I,50,68.36,00,4941101,C,
20181217,9:42:19.404449000,N,A,,F,200,68.36,00,4947501,C,
20181217,9:42:19.404709000,Z,A,,F,100,68.35,00,4947601,C,
20181217,9:42:20.270028000,N,A,,,100,68.36,00,4955401,C,
20181217,9:42:20.663978000,N,A,,F I,97,68.36,00,4957101,C,
20181217,9:42:21.287567000,V,A,,,100,68.35,00,4968301,C,
20181217,9:42:22.602209000,N,A,,I,78,68.36,00,4979101,C,
20181217,9:42:28.740270000,N,A,,,100,68.345,00,5008801,C,
20181217,9:42:37.925609000,B,A,,F,100,68.33,00,5067801,C,
20181217,9:42:41.740429000,N,A,,,100,68.35,00,5083901,C,
20181217,9:42:50.807329000,N,A,,I,25,68.35,00,5125001,C,
20181217,9:42:54.319661000,B,A,,F,100,68.32,00,5140701,C,
20181217,9:43:01.208652000,D,A,,,100,68.32,00,5187801,C,T
20181217,9:43:04.191452000,B,A,,F,100,68.37,00,5199301,C,
20181217,9:43:04.191473000,B,A,,F,100,68.37,00,5199401,C,
20181217,9:43:17.725001000,N,A,,F,100,68.32,00,5283301,C,
20181217,9:43:17.725049000,T,A,,F I,12,68.32,00,5283401,C,
20181217,9:43:17.725090000,T,A,,F I,88,68.32,00,5283501,C,
20181217,9:43:17.725147000,T,A,,F,100,68.32,00,5283601,C,
20181217,9:43:17.725166000,T,A,,,100,68.32,00,5283701,C,
20181217,9:43:19.151960000,N,A,,,100,68.31,00,5301901,C,
20181217,9:43:19.152253000,N,A,,I,40,68.31,00,5302001,C,
20181217,9:43:19.152613000,T,A,,,100,68.31,00,5302101,C,
20181217,9:43:19.152868000,T,A,,,100,68.31,00,5302201,C,
20181217,9:43:20.594341000,Z,A,,F,100,68.3,00,5312901,C,
20181217,9:43:20.595102000,T,A,,F I,20,68.3,00,5315701,C,
20181217,9:43:20.595357000,N,A,,F,100,68.3,00,5316701,C,
20181217,9:43:20.596926000,Z,A,,F,100,68.28,00,5319801,C,
20181217,9:43:20.605656000,N,A,,F I,74,68.27,00,5329001,C,
20181217,9:43:23.440135000,B,A,,F,100,68.26,00,5370601,C,
20181217,9:43:23.440154000,T,A,,F,100,68.26,00,5370701,C,
20181217,9:43:23.575113000,D,A,,I,85,68.25,00,5370801,C,T
20181217,9:43:23.575669000,D,A,,I,15,68.25,00,5370901,C,T
20181217,9:43:23.578633000,D,A,,I,85,68.25,00,5371201,C,T
20181217,9:43:24.097236000,N,A,,I,2,68.28,00,5372601,C,
20181217,9:43:25.070842000,N,A,,F,192,68.24,00,5378201,C,
20181217,9:43:25.071101000,N,A,,I,8,68.24,00,5378301,C,
20181217,9:43:25.676131000,P,A,,I,10,68.28,00,5380901,C,
20181217,9:43:25.676632000,Z,A,,,100,68.28,00,5381001,C,
20181217,9:43:25.677127000,T,A,,,100,68.28,00,5381101,C,
20181217,9:43:25.677175000,T,A,,F,100,68.28,00,5381301,C,
20181217,9:43:25.677198000,T,A,,F I,99,68.28,00,5381401,C,
20181217,9:43:25.677216000,T,A,,,100,68.28,00,5381501,C,
20181217,9:43:34.916967000,J,A,,F,100,68.28,00,5436001,C,
20181217,9:43:34.917209000,T,A,,F,200,68.28,00,5436101,C,
20181217,9:43:45.400736000,N,A,,,100,68.23,00,5501401,C,
20181217,9:43:45.899146000,P,A,,F,100,68.23,00,5505101,C,
20181217,9:43:46.895978000,Y,A,,,100,68.26,00,5507901,C,
20181217,9:43:50.372563000,D,A,,I,5,68.22,00,5524801,C,N
20181217,9:43:53.183496000,N,A,,F,100,68.26,00,5537001,C,
20181217,9:43:53.183545000,J,A,,F,100,68.26,00,5537101,C,
20181217,9:43:53.183578000,J,A,,F,100,68.27,00,5537201,C,
20181217,9:43:53.183803000,T,A,,F,100,68.26,00,5537301,C,
20181217,9:43:53.184316000,P,A,,F,100,68.27,00,5537401,C,
20181217,9:43:53.184336000,J,A,,,100,68.27,00,5537501,C,
20181217,9:43:53.184465000,P,A,,I,14,68.27,00,5537601,C,
20181217,9:43:53.184496000,K,A,,F I,17,68.27,00,5537701,C,
20181217,9:43:53.184540000,P,A,,F I,86,68.27,00,5537801,C,
20181217,9:43:53.184638000,T,A,,,100,68.27,00,5537901,C,
20181217,9:43:53.184925000,A,A,,F,100,68.27,00,5538001,C,
20181217,9:43:53.184968000,A,A,,F I,25,68.27,00,5538101,C,
20181217,9:43:53.184987000,A,A,,F I,65,68.27,00,5538201,C,
20181217,9:43:53.185067000,X,A,,F,100,68.27,00,5538301,C,
20181217,9:43:53.185204000,A,A,,F I,10,68.27,00,5538401,C,
20181217,9:43:53.185223000,X,A,,F,100,68.27,00,5538501,C,
20181217,9:43:53.185251000,X,A,,F,100,68.27,00,5538601,C,
20181217,9:43:53.186604000,X,A,,F,100,68.27,00,5538701,C,
20181217,9:43:53.186880000,N,A,,F,100,68.27,00,5538801,C,
20181217,9:44:01.713967000,T,A,,F I,7,68.29,00,5622201,C,
20181217,9:44:01.713999000,T,A,,I,93,68.29,00,5622301,C,
20181217,9:44:01.714038000,N,A,,I,2,68.29,00,5622401,C,
20181217,9:44:01.881568000,V,A,,,100,68.27,00,5628901,C,
20181217,9:44:02.878203000,T,A,,,100,68.27,00,5634201,C,
20181217,9:44:03.068318000,D,A,,,100,68.27,00,5634401,C,T
20181217,9:44:03.148638000,P,A,,F,100,68.27,00,5634701,C,
20181217,9:44:03.149170000,T,A,,F,100,68.27,00,5634801,C,
20181217,9:44:09.064980000,T,A,,,100,68.29,00,5673501,C,
20181217,9:44:09.066433000,T,A,,F,100,68.29,00,5673701,C,
20181217,9:44:22.478405000,P,A,,F I,48,68.35,00,5761001,C,
20181217,9:44:22.478425000,P,A,,F I,52,68.35,00,5761101,C,
20181217,9:44:22.478874000,T,A,,F,100,68.35,00,5761201,C,
20181217,9:44:22.497631000,D,A,,,100,68.35,00,5762001,C,T
20181217,9:44:35.513544000,V,A,,I,23,68.37,00,5842001,C,
20181217,9:44:46.283899000,V,A,,,100,68.42,00,5886701,C,
20181217,9:44:46.283918000,V,A,,,100,68.42,00,5886801,C,
20181217,9:44:49.809686000,Z,A,,F I,95,68.45,00,5898901,C,
20181217,9:44:49.809729000,Z,A,,F I,5,68.45,00,5899101,C,
20181217,9:44:51.624668000,T,A,,,300,68.445,00,5906501,C,
20181217,9:44:51.626111000,D,A,,,300,68.445,00,5906601,C,T
20181217,9:44:53.124644000,T,A,,,500,68.445,00,5909701,C,
20181217,9:44:53.124720000,Y,A,,I,84,68.4,00,5909801,C,
20181217,9:44:53.124758000,K,A,,,200,68.4,00,5909901,C,
20181217,9:44:53.124776000,Z,A,,,100,68.4,00,5910001,C,
20181217,9:44:53.124804000,Y,A,,I,35,68.4,00,5910101,C,
20181217,9:44:53.124840000,K,A,,,100,68.4,00,5910201,C,
20181217,9:44:53.124861000,Y,A,,I,42,68.4,00,5910301,C,
20181217,9:44:53.124996000,X,A,,,264,68.4,00,5910401,C,
20181217,9:44:57.340559000,T,A,,F,100,68.37,00,5933101,C,
20181217,9:44:57.340577000,T,A,,F,100,68.37,00,5933201,C,
20181217,9:44:57.643946000,D,A,,,100,68.39,00,5935101,C,T
20181217,9:44:59.358131000,Z,A,,F,100,68.34,00,5948001,C,
20181217,9:45:08.263807000,P,A,,F,100,68.33,00,6031901,C,
20181217,9:45:08.263875000,P,A,,F I,52,68.32,00,6032001,C,
20181217,9:45:08.263949000,N,A,,F,100,68.33,00,6032101,C,
20181217,9:45:08.264034000,Y,A,,F,100,68.32,00,6032201,C,
20181217,9:45:08.264054000,K,A,,F I,78,68.35,00,6032301,C,
20181217,9:45:08.264079000,Z,A,,F,100,68.32,00,6032401,C,
20181217,9:45:08.264099000,K,A,,F I,22,68.35,00,6032501,C,
20181217,9:45:08.264134000,K,A,,F I,50,68.33,00,6032601,C,
20181217,9:45:08.264158000,Z,A,,F I,22,68.32,00,6032701,C,
20181217,9:45:08.264173000,K,A,,F I,3,68.33,00,6032801,C,
20181217,9:45:08.264196000,Z,A,,F I,78,68.32,00,6032901,C,
20181217,9:45:08.264212000,K,A,,F I,22,68.32,00,6033001,C,
20181217,9:45:08.264249000,Z,A,,F I,78,68.32,00,6033101,C,
20181217,9:45:08.367270000,D,A,,,100,68.36,00,6034001,C,T
20181217,9:45:09.158250000,D,A,,I,37,68.32,00,6040901,C,T
20181217,9:45:10.683571000,B,A,,I,20,68.35,00,6051001,C,
20181217,9:45:19.840521000,Y,A,,F I,91,68.37,00,6119201,C,
20181217,9:45:19.840715000,N,A,,F,120,68.38,00,6119301,C,
20181217,9:45:19.840875000,Y,A,,F,109,68.37,00,6119401,C,
20181217,9:45:19.840962000,Z,A,,F,100,68.37,00,6119601,C,
20181217,9:45:19.840979000,K,A,,F I,41,68.38,00,6119701,C,
20181217,9:45:19.841022000,Z,A,,F,100,68.38,00,6119801,C,
20181217,9:45:19.841063000,K,A,,F,159,68.38,00,6119901,C,
20181217,9:45:19.841083000,B,A,,F,100,68.37,00,6120001,C,
20181217,9:45:19.841183000,T,A,,F I,2,68.37,00,6120101,C,
20181217,9:45:19.841233000,T,A,,F I,3,68.37,00,6120201,C,
20181217,9:45:19.841379000,T,A,,F I,2,68.37,00,6120701,C,
20181217,9:45:19.853720000,Z,A,,I,70,68.37,00,6121701,C,
20181217,9:45:19.912380000,V,A,,,100,68.36,00,6123301,C,
20181217,9:45:19.913493000,K,A,,F,100,68.39,00,6123401,C,
20181217,9:45:20.708321000,B,A,,F I,1,68.43,00,6125801,C,
20181217,9:45:24.310427000,D,A,,4 I,35,68.3894,00,6148701,C,T
20181217,9:45:24.469512000,J,A,,,100,68.43,00,6150101,C,
20181217,9:45:24.469531000,N,A,,,100,68.43,00,6150201,C,
20181217,9:45:24.470607000,V,A,,,100,68.38,00,6151601,C,
20181217,9:45:25.123547000,D,A,,,166,68.44,00,6155101,C,T
20181217,9:45:25.148885000,T,A,,F I,74,68.44,00,6155701,C,
20181217,9:45:36.232140000,D,A,,,100,68.45,00,6236401,C,T
20181217,9:46:04.107579000,B,A,,F,100,68.44,00,6397401,C,
20181217,9:46:04.650787000,Y,A,,I,68,68.4,00,6398401,C,
20181217,9:46:24.593454000,B,A,,F I,44,68.36,00,6508801,C,
20181217,9:46:29.022868000,T,A,,F I,2,68.38,00,6525401,C,
20181217,9:46:31.750642000,K,A,,F,100,68.4,00,6569301,C,
20181217,9:46:31.750947000,T,A,,I,26,68.4,00,6569401,C,
20181217,9:46:31.750985000,T,A,,,100,68.4,00,6569501,C,
20181217,9:47:10.298732000,D,A,,,100,68.38,00,6779201,C,T
20181217,9:47:10.300634000,D,A,,,100,68.38,00,6779501,C,T
20181217,9:47:10.584537000,D,A,,,100,68.43,00,6780401,C,T
20181217,9:47:14.173631000,N,A,,F,100,68.42,00,6798201,C,
20181217,9:47:20.307260000,D,A,,I,1,68.38,00,6817601,C,T
20181217,9:47:30.495536000,D,A,,,1000,68.3976,00,6876301,C,N
20181217,9:47:36.975809000,D,A,,,300,68.405,00,6926901,C,T
20181217,9:47:54.244385000,K,A,,F,200,68.42,00,7011501,C,
20181217,9:47:54.244725000,T,A,,F I,2,68.4,00,7011601,C,
20181217,9:47:54.250201000,T,A,,F,100,68.42,00,7012301,C,
20181217,9:47:54.763547000,N,A,,F,201,68.4,00,7013001,C,
20181217,9:47:54.763895000,T,A,,F I,99,68.4,00,7013101,C,
20181217,9:47:54.764162000,T,A,,F I,1,68.4,00,7013201,C,
20181217,9:47:55.832663000,T,A,,,100,68.4,00,7017301,C,
20181217,9:47:55.835504000,V,A,,,100,68.39,00,7017401,C,
20181217,9:48:02.293232000,P,A,,F,100,68.39,00,7066301,C,
20181217,9:48:02.293318000,P,A,,F I,88,68.39,00,7066401,C,
20181217,9:48:02.293363000,P,A,,I,5,68.39,00,7066501,C,
20181217,9:48:02.293856000,T,A,,F,100,68.39,00,7066601,C,
20181217,9:48:02.293885000,T,A,,F,100,68.39,00,7066701,C,
20181217,9:48:02.293904000,T,A,,F I,38,68.39,00,7066801,C,
20181217,9:48:02.293940000,T,A,,I,62,68.39,00,7066901,C,
20181217,9:48:03.391989000,D,A,,,100,68.38,00,7069601,C,T
20181217,9:48:03.411470000,D,A,,,100,68.38,00,7069701,C,T
20181217,9:48:04.109271000,N,A,,,100,68.38,00,7072401,C,
20181217,9:48:04.109463000,T,A,,,100,68.38,00,7072501,C,
20181217,9:48:05.351713000,T,A,,F,100,68.38,00,7076901,C,
20181217,9:48:15.605729000,D,A,,,300,68.385,00,7113801,C,T
20181217,9:48:15.609117000,D,A,,,300,68.385,00,7113901,C,T
20181217,9:48:16.577787000,P,A,,F,100,68.36,00,7117701,C,
20181217,9:48:16.577841000,Z,A,,F,100,68.36,00,7117801,C,
20181217,9:48:16.577948000,Z,A,,F I,14,68.36,00,7117901,C,
20181217,9:48:16.577968000,N,A,,F,200,68.36,00,7118001,C,
20181217,9:48:16.577999000,T,A,,F,100,68.37,00,7118101,C,
20181217,9:48:16.578303000,T,A,,,100,68.36,00,7118201,C,
20181217,9:48:16.579103000,T,A,,,100,68.36,00,7118301,C,
20181217,9:48:16.579134000,T,A,,,100,68.36,00,7118401,C,
20181217,9:48:16.579878000,T,A,,F I,20,68.36,00,7118501,C,
20181217,9:48:22.580874000,D,A,,,200,68.365,00,7151201,C,T
20181217,9:48:24.643311000,D,A,,I,38,68.3538,00,7166601,C,N
20181217,9:48:30.011559000,T,A,,F I,2,68.35,00,7203201,C,
20181217,9:48:30.437742000,D,A,,,200,68.345,00,7211901,C,T
20181217,9:48:31.527734000,N,A,,F I,67,68.33,00,7221001,C,
20181217,9:48:31.527753000,P,A,,,100,68.33,00,7221101,C,
20181217,9:48:31.527884000,N,A,,I,33,68.33,00,7221201,C,
20181217,9:48:31.528205000,Z,A,,,100,68.33,00,7221301,C,
20181217,9:48:31.528381000,T,A,,I,98,68.35,00,7221401,C,
20181217,9:48:31.528421000,T,A,,,100,68.33,00,7221501,C,
20181217,9:48:31.528439000,T,A,,I,2,68.33,00,7221601,C,
20181217,9:48:32.614640000,D,A,,,100,68.35,00,7222501,C,T
20181217,9:48:32.658703000,Y,A,,,100,68.3,00,7223001,C,
20181217,9:48:32.658974000,T,A,,F I,98,68.33,00,7223201,C,
20181217,9:48:39.942499000,B,A,,F,100,68.34,00,7248501,C,
20181217,9:48:39.943837000,Y,A,,F,100,68.34,00,7248601,C,
20181217,9:48:39.944111000,V,A,,,100,68.34,00,7248701,C,
20181217,9:49:01.263436000,N,A,,F,107,68.34,00,7385701,C,
20181217,9:49:01.263788000,N,A,,F I,2,68.34,00,7386301,C,
20181217,9:49:01.264146000,T,A,,F I,2,68.34,00,7386401,C,
20181217,9:49:01.265551000,V,A,,,100,68.34,00,7387701,C,
20181217,9:49:01.270552000,T,A,,,100,68.35,00,7388501,C,
20181217,9:49:01.296300000,D,A,,,100,68.36,00,7389201,C,T
20181217,9:49:01.306359000,D,A,,,100,68.36,00,7390001,C,T
20181217,9:49:01.675025000,N,A,,F,100,68.36,00,7392301,C,
20181217,9:49:01.675940000,V,A,,,100,68.36,00,7392401,C,
20181217,9:49:04.141906000,N,A,,,100,68.37,00,7415901,C,
20181217,9:49:04.142124000,N,A,,F,200,68.37,00,7416001,C,
20181217,9:49:04.142866000,J,A,,,100,68.39,00,7416101,C,
20181217,9:49:04.152305000,D,A,,,200,68.39,00,7416201,C,T
20181217,9:49:04.369516000,T,A,,F,100,68.39,00,7416801,C,
20181217,9:49:04.370935000,T,A,,F,100,68.4,00,7417101,C,
20181217,9:49:04.372727000,Z,A,,,100,68.4,00,7417601,C,
20181217,9:49:06.062798000,K,A,,F,100,68.43,00,7430301,C,
20181217,9:49:07.148410000,N,A,,F,100,68.44,00,7433201,C,
20181217,9:49:07.148869000,N,A,,F,100,68.44,00,7433501,C,
20181217,9:49:07.149861000,T,A,,F,100,68.45,00,7434001,C,
20181217,9:49:07.150201000,Z,A,,F,100,68.45,00,7434101,C,
20181217,9:49:16.221677000,T,A,,F I,6,68.44,00,7483601,C,
20181217,9:49:16.221706000,T,A,,F I,86,68.42,00,7483701,C,
20181217,9:49:16.221727000,T,A,,I,14,68.42,00,7483801,C,
20181217,9:49:16.222897000,T,A,,,100,68.43,00,7483901,C,
20181217,9:49:17.788501000,N,A,,,100,68.42,00,7491201,C,
20181217,9:49:19.201289000,N,A,,,100,68.44,00,7513501,C,
20181217,9:49:22.959964000,V,A,,,100,68.42,00,7553501,C,
20181217,9:49:26.443570000,B,A,,F I,50,68.45,00,7572601,C,
20181217,9:49:26.443593000,B,A,,F I,50,68.46,00,7572701,C,
20181217,9:49:26.452305000,N,A,,F,100,68.46,00,7577201,C,
20181217,9:49:33.617749000,N,A,,F I,13,68.47,00,7637201,C,
20181217,9:49:33.617768000,N,A,,F I,27,68.47,00,7637301,C,
20181217,9:49:35.241656000,B,A,,F,100,68.47,00,7654601,C,
20181217,9:49:35.251138000,N,A,,,200,68.47,00,7654801,C,
20181217,9:49:43.593331000,D,A,,I,8,68.4942,00,7686301,C,T
20181217,9:49:45.250242000,Z,A,,F,100,68.52,00,7696201,C,
20181217,9:50:00.245960000,V,A,,,100,68.58,00,7794001,C,
20181217,9:50:05.432579000,Z,A,,F I,89,68.47,00,7825101,C,
20181217,9:50:05.432635000,Z,A,,I,11,68.47,00,7825201,C,
20181217,9:50:05.432742000,N,A,,F,100,68.49,00,7825401,C,
20181217,9:50:05.432925000,T,A,,F,100,68.49,00,7825501,C,
20181217,9:50:25.010170000,V,A,,,100,68.475,00,7940201,C,
20181217,9:50:25.011313000,V,A,,,100,68.475,00,7940301,C,
20181217,9:50:25.016396000,V,A,,,100,68.475,00,7940401,C,
20181217,9:50:25.028960000,V,A,,,100,68.475,00,7940501,C,
20181217,9:50:35.487420000,P,A,,F I,5,68.45,00,8010301,C,
20181217,9:50:35.487446000,P,A,,F I,95,68.44,00,8010401,C,
20181217,9:50:35.487491000,Z,A,,,100,68.45,00,8010501,C,
20181217,9:50:35.487548000,N,A,,F,200,68.44,00,8010601,C,
20181217,9:50:35.487567000,Z,A,,F,100,68.45,00,8010701,C,
20181217,9:50:35.487605000,P,A,,I,5,68.44,00,8010801,C,
20181217,9:50:35.487768000,T,A,,F I,3,68.44,00,8010901,C,
20181217,9:50:35.488443000,T,A,,I,38,68.43,00,8011001,C,
20181217,9:50:35.488550000,T,A,,F I,62,68.43,00,8011101,C,
20181217,9:50:35.534779000,B,A,,,100,68.44,00,8012101,C,
20181217,9:50:35.620006000,N,A,,,100,68.44,00,8013901,C,
20181217,9:50:36.325686000,N,A,,F,100,68.44,00,8014801,C,
20181217,9:50:36.326363000,T,A,,F I,2,68.43,00,8014901,C,
20181217,9:50:36.326644000,Z,A,,,100,68.44,00,8015001,C,
20181217,9:50:36.327716000,T,A,,,100,68.45,00,8015101,C,
20181217,9:50:42.851370000,N,A,,F,100,68.43,00,8033201,C,
20181217,9:50:42.851759000,V,A,,,100,68.43,00,8033301,C,
20181217,9:50:52.785462000,Z,A,,F,100,68.47,00,8095901,C,
20181217,9:50:52.785494000,Z,A,,F I,65,68.47,00,8096001,C,
20181217,9:50:52.785507000,Z,A,,F I,35,68.47,00,8096101,C,
20181217,9:50:52.785668000,B,A,,,100,68.47,00,8096701,C,
20181217,9:50:52.786418000,Z,A,,,100,68.48,00,8097701,C,
20181217,9:50:52.786975000,T,A,,,100,68.48,00,8097801,C,
20181217,9:50:52.789429000,N,A,,F,100,68.465,00,8098201,C,
20181217,9:51:09.355631000,P,A,,F I,65,68.43,00,8214501,C,
20181217,9:51:09.355690000,P,A,,F I,16,68.43,00,8214701,C,
20181217,9:51:09.355712000,P,A,,F,143,68.43,00,8214801,C,
20181217,9:51:09.355736000,P,A,,F,130,68.43,00,8214901,C,
20181217,9:51:09.355754000,P,A,,F I,18,68.43,00,8215001,C,
20181217,9:51:09.355802000,Z,A,,F,100,68.43,00,8215201,C,
20181217,9:51:09.355823000,N,A,,F,188,68.43,00,8215301,C,
20181217,9:51:09.355920000,N,A,,F I,12,68.43,00,8215401,C,
20181217,9:51:09.357426000,Y,A,,I,50,68.44,00,8215601,C,
20181217,9:51:09.359830000,D,A,,,100,68.43,00,8215701,C,T
20181217,9:51:11.325818000,V,A,,,100,68.47,00,8242701,C,
20181217,9:51:14.834765000,D,A,,,624,68.48,00,8261501,C,T
20181217,9:51:25.062567000,D,A,,I,86,68.42,00,8306601,C,T
20181217,9:51:25.063089000,D,A,,I,14,68.42,00,8306701,C,T
20181217,9:51:25.065578000,D,A,,I,86,68.42,00,8306801,C,N
20181217,9:51:25.589020000,N,A,,F,100,68.43,00,8312501,C,
20181217,9:51:25.589269000,T,A,,F I,8,68.42,00,8312601,C,
20181217,9:51:25.589315000,T,A,,F,100,68.42,00,8312701,C,
20181217,9:51:25.589442000,N,A,,,100,68.43,00,8312801,C,
20181217,9:51:25.590323000,N,A,,,100,68.43,00,8312901,C,
20181217,9:51:25.609183000,N,A,,F I,62,68.44,00,8313201,C,
20181217,9:51:25.609214000,N,A,,F I,30,68.43,00,8313301,C,
20181217,9:51:28.398342000,T,A,,F I,2,68.45,00,8329701,C,
20181217,9:51:28.637789000,P,A,,,100,68.48,00,8330501,C,
20181217,9:51:28.637929000,T,A,,F,100,68.48,00,8330601,C,
20181217,9:51:29.056778000,N,A,,F,100,68.46,00,8333501,C,
20181217,9:51:30.970197000,T,A,,,100,68.45,00,8353801,C,
20181217,9:51:30.970732000,Z,A,,F I,26,68.47,00,8353901,C,
20181217,9:51:30.972282000,Z,A,,,100,68.43,00,8354001,C,
20181217,9:51:30.972590000,J,A,,F I,10,68.45,00,8354101,C,
20181217,9:51:30.972634000,T,A,,I,10,68.45,00,8354201,C,
20181217,9:51:31.478343000,N,A,,F I,32,68.47,00,8361101,C,
20181217,9:51:31.478365000,N,A,,F,340,68.47,00,8361201,C,
20181217,9:51:31.478406000,N,A,,F,128,68.47,00,8361301,C,
20181217,9:51:31.478471000,Z,A,,F I,74,68.47,00,8361401,C,
20181217,9:51:31.478719000,T,A,,F,100,68.47,00,8361501,C,
20181217,9:51:31.479059000,P,A,,I,5,68.47,00,8361601,C,
20181217,9:51:31.479137000,T,A,,F,100,68.48,00,8361701,C,
20181217,9:51:31.481156000,V,A,,,100,68.48,00,8361801,C,
20181217,9:51:32.325828000,N,A,,F,100,68.5,00,8364701,C,
20181217,9:51:40.467144000,Z,A,,F I,20,68.46,00,8398601,C,
20181217,9:51:42.558616000,Z,A,,F,100,68.47,00,8405801,C,
20181217,9:51:42.560212000,Z,A,,,200,68.46,00,8405901,C,
20181217,9:51:54.836674000,Z,A,,F,100,68.48,00,8457101,C,
20181217,9:51:55.503488000,D,A,,,500,68.484,00,8460901,C,T
20181217,9:51:55.504669000,Z,A,,F,100,68.49,00,8461001,C,
20181217,9:51:55.663030000,T,A,,I,69,68.5,00,8461101,C,
20181217,9:51:55.663050000,T,A,,I,31,68.5,00,8461201,C,
20181217,9:51:59.985664000,Z,A,,F I,54,68.51,00,8476101,C,
20181217,9:52:06.869306000,V,A,,,100,68.49,00,8524501,C,
20181217,9:52:10.956519000,P,A,,,100,68.52,00,8552101,C,
20181217,9:52:10.956542000,P,A,,,100,68.52,00,8552201,C,
20181217,9:52:16.326578000,N,A,,F,100,68.52,00,8576601,C,
20181217,9:52:16.341403000,N,A,,,300,68.53,00,8576701,C,
20181217,9:52:16.341522000,Z,A,,,100,68.53,00,8576801,C,
20181217,9:52:16.341765000,T,A,,F I,2,68.52,00,8576901,C,
20181217,9:52:16.343755000,N,A,,,100,68.54,00,8577001,C,
20181217,9:52:16.345550000,Z,A,,,100,68.54,00,8577101,C,
20181217,9:52:16.380481000,Y,A,,,100,68.56,00,8577201,C,
20181217,9:52:16.380521000,Y,A,,I,50,68.56,00,8577301,C,
20181217,9:52:16.380538000,Y,A,,,100,68.56,00,8577401,C,
20181217,9:52:18.225108000,N,A,,F I,70,68.52,00,8586401,C,
20181217,9:52:18.225538000,V,A,,,100,68.52,00,8586501,C,
20181217,9:52:18.235218000,D,A,,,300,68.52,00,8586601,C,T
20181217,9:52:18.670091000,P,A,,,400,68.52,00,8588901,C,
20181217,9:52:18.670278000,P,A,,F I,90,68.52,00,8589001,C,
20181217,9:52:18.670383000,Z,A,,,100,68.52,00,8589101,C,
20181217,9:52:18.670442000,N,A,,F I,30,68.52,00,8589201,C,
20181217,9:52:18.670488000,T,A,,,100,68.52,00,8589301,C,
20181217,9:52:18.670525000,T,A,,I,58,68.52,00,8589401,C,
20181217,9:52:18.670583000,T,A,,I,42,68.52,00,8589501,C,
20181217,9:52:18.716334000,N,A,,,100,68.5,00,8589601,C,
20181217,9:52:18.716607000,T,A,,,100,68.5,00,8589701,C,
20181217,9:52:19.033415000,T,A,,F,100,68.5,00,8596001,C,
20181217,9:52:19.034055000,N,A,,,100,68.49,00,8596101,C,
20181217,9:52:19.085090000,T,A,,,100,68.47,00,8596401,C,
20181217,9:52:19.086247000,T,A,,,100,68.47,00,8596501,C,
20181217,9:52:19.257435000,D,A,,,100,68.47,00,8597101,C,T
20181217,9:52:21.832685000,N,A,,F,100,68.48,00,8607501,C,
20181217,9:52:21.834003000,P,A,,F,100,68.48,00,8607601,C,
20181217,9:52:21.835581000,N,A,,,100,68.48,00,8607701,C,
20181217,9:52:25.626805000,N,A,,F,400,68.49,00,8619801,C,
20181217,9:52:33.883212000,D,A,,,100,68.53,00,8686101,C,T
20181217,9:52:45.441687000,D,A,,,200,68.49,00,8746201,C,T
20181217,9:52:49.332339000,B,A,,I,9,68.47,00,8765501,C,
20181217,9:52:50.169464000,N,A,,I,1,68.495,00,8767801,C,
20181217,9:52:50.169502000,B,A,,F,100,68.54,00,8767901,C,
20181217,9:53:10.158620000,Z,A,,F,100,68.54,00,8869501,C,
20181217,9:53:10.158663000,Z,A,,F,100,68.54,00,8869601,C,
20181217,9:53:13.160451000,X,A,,F I,42,68.54,00,8877201,C,
20181217,9:53:17.022125000,B,A,,,100,68.51,00,8890701,C,
20181217,9:53:17.022149000,Z,A,,,100,68.51,00,8890801,C,
20181217,9:53:17.160705000,N,A,,F I,60,68.53,00,8896301,C,
20181217,9:53:17.160851000,N,A,,F I,46,68.53,00,8896401,C,
20181217,9:53:17.160904000,N,A,,F I,44,68.53,00,8896501,C,
20181217,9:53:17.160997000,N,A,,F,350,68.53,00,8896601,C,
20181217,9:53:17.161876000,T,A,,F,100,68.53,00,8898201,C,
20181217,9:53:19.869191000,D,A,,I,1,68.53,00,8924701,C,T
20181217,9:53:21.523039000,Z,A,,I,3,68.53,00,8927601,C,
20181217,9:53:23.328272000,N,A,,F,100,68.54,00,8938501,C,
20181217,9:53:23.328431000,V,A,,,100,68.58,00,8938601,C,
20181217,9:53:26.757341000,D,A,,I,77,68.51,00,8954301,C,T
20181217,9:53:31.146074000,Y,A,,F I,50,68.56,00,8994101,C,
20181217,9:53:31.146105000,Y,A,,F I,48,68.57,00,8994201,C,
20181217,9:53:31.146211000,T,A,,F I,2,68.54,00,8994301,C,
20181217,9:53:35.364524000,N,A,,F,200,68.51,00,9034801,C,
20181217,9:53:35.364707000,K,A,,F,100,68.51,00,9034901,C,
20181217,9:53:35.364741000,N,A,,F I,22,68.51,00,9035001,C,
20181217,9:53:35.364782000,T,A,,F I,73,68.51,00,9035101,C,
20181217,9:53:35.364813000,T,A,,F I,27,68.51,00,9035201,C,
20181217,9:53:35.365130000,T,A,,I,73,68.51,00,9035301,C,
20181217,9:53:35.366029000,D,A,,,100,68.54,00,9035401,C,T
20181217,9:53:35.374859000,D,A,,,100,68.53,00,9035501,C,T
20181217,9:53:36.028028000,D,A,,,100,68.51,00,9038001,C,T
20181217,9:53:36.908215000,D,A,,,100,68.495,00,9040001,C,T
20181217,9:53:38.955394000,D,A,,,100,68.495,00,9049801,C,T
20181217,9:53:40.573160000,N,A,,F,100,68.51,00,9055501,C,
20181217,9:53:40.573410000,Z,A,,F,100,68.51,00,9055601,C,
20181217,9:53:40.573436000,T,A,,F,100,68.51,00,9055701,C,
20181217,9:53:40.573456000,T,A,,F,100,68.51,00,9055801,C,
20181217,9:53:40.573718000,V,A,,,100,68.51,00,9055901,C,
20181217,9:53:40.575173000,K,A,,,100,68.51,00,9056001,C,
20181217,9:53:40.575950000,N,A,,F,100,68.51,00,9056101,C,
20181217,9:53:43.124429000,D,A,,,100,68.48,00,9062701,C,T
20181217,9:53:44.117110000,D,A,,I,35,68.48,00,9065501,C,T
20181217,9:53:46.834768000,N,A,,F,100,68.51,00,9069901,C,
20181217,9:53:46.851431000,N,A,,F,100,68.48,00,9070101,C,
20181217,9:53:46.851718000,B,A,,F,100,68.48,00,9070201,C,
20181217,9:53:46.852403000,V,A,,,200,68.495,00,9070301,C,
20181217,9:53:48.270991000,D,A,,,100,68.495,00,9082301,C,T
20181217,9:53:48.325677000,V,A,,,100,68.51,00,9082601,C,
20181217,9:53:52.623023000,T,A,,I,1,68.51,00,9103101,C,
20181217,9:53:52.623546000,B,A,,I,72,68.52,00,9103201,C,
20181217,9:53:52.623583000,B,A,,I,28,68.52,00,9103301,C,
20181217,9:53:52.623602000,Z,A,,,100,68.52,00,9103401,C,
20181217,9:53:52.627668000,Z,A,,F I,59,68.51,00,9103801,C,
20181217,9:53:52.628004000,Z,A,,I,41,68.51,00,9103901,C,
20181217,9:53:52.628041000,Z,A,,I,59,68.51,00,9104001,C,
20181217,9:53:52.628065000,K,A,,,100,68.5,00,9104101,C,
20181217,9:53:52.628087000,K,A,,,100,68.49,00,9104201,C,
20181217,9:53:52.628155000,B,A,,,100,68.49,00,9104301,C,
20181217,9:54:06.612330000,T,A,,F I,2,68.53,00,9166901,C,
20181217,9:54:06.612349000,J,A,,F I,71,68.53,00,9167001,C,
20181217,9:54:06.620418000,T,A,,F I,22,68.51,00,9168101,C,
20181217,9:54:06.637996000,Z,A,,F I,46,68.51,00,9168201,C,
20181217,9:54:06.638031000,Z,A,,I,54,68.51,00,9168301,C,
20181217,9:54:09.005489000,T,A,,I,78,68.51,00,9210101,C,
20181217,9:54:09.005576000,T,A,,F,100,68.51,00,9210201,C,
20181217,9:54:09.036095000,V,A,,,100,68.515,00,9211701,C,
20181217,9:54:09.037362000,V,A,,,100,68.515,00,9211801,C,
20181217,9:54:15.320655000,V,A,,,100,68.53,00,9248201,C,
20181217,9:54:19.974060000,B,A,,,100,68.56,00,9294101,C,
20181217,9:54:20.012169000,D,A,,,100,68.58,00,9294201,C,T
20181217,9:54:21.325536000,N,A,,F,100,68.58,00,9306101,C,
20181217,9:54:21.326844000,Z,A,,F I,35,68.58,00,9306201,C,
20181217,9:54:21.326993000,Z,A,,F I,65,68.58,00,9306301,C,
20181217,9:54:21.327011000,T,A,,F I,65,68.58,00,9306401,C,
20181217,9:54:30.816897000,D,A,,I,98,68.5858,00,9373001,C,T
20181217,9:54:34.310395000,D,A,,,300,68.6,00,9387701,C,T
20181217,9:54:34.401748000,D,A,,,100,68.64,00,9387801,C,T
20181217,9:54:34.555710000,D,A,,,200,68.64,00,9389301,C,T
20181217,9:54:34.561873000,D,A,,,100,68.635,00,9389401,C,T
20181217,9:54:34.570074000,D,A,,,400,68.6,00,9389501,C,T
20181217,9:54:38.404842000,B,A,,F,100,68.64,00,9415101,C,
20181217,9:54:58.771550000,Z,A,,I,1,68.63,00,9510901,C,
20181217,9:55:01.876595000,K,A,,F I,65,68.63,00,9554901,C,
20181217,9:55:03.429029000,T,A,,F I,2,68.63,00,9563301,C,
20181217,9:55:03.429054000,T,A,,F,100,68.63,00,9563401,C,
20181217,9:55:24.987241000,N,A,,,200,68.62,00,9655201,C,
20181217,9:55:24.987363000,T,A,,,100,68.62,00,9655301,C,
20181217,9:55:24.987443000,K,A,,I,25,68.62,00,9655401,C,
20181217,9:55:24.987462000,Z,A,,I,5,68.62,00,9655501,C,
20181217,9:55:24.987868000,K,A,,,100,68.61,00,9655601,C,
20181217,9:55:24.988119000,T,A,,,100,68.62,00,9655701,C,
20181217,9:55:24.988154000,T,A,,,100,68.61,00,9655801,C,
20181217,9:55:24.988307000,K,A,,F,100,68.61,00,9655901,C,
20181217,9:55:24.988681000,V,A,,,100,68.62,00,9656001,C,
20181217,9:55:24.992988000,N,A,,,100,68.6,00,9656101,C,
20181217,9:55:26.331430000,T,A,,I,94,68.57,00,9664301,C,
20181217,9:55:30.588492000,D,A,,,300,68.6,00,9707101,C,T
20181217,9:55:31.589495000,D,A,,,100,68.6,00,9712601,C,T
20181217,9:55:41.881942000,Z,A,,F,100,68.62,00,9772901,C,
20181217,9:55:49.286130000,J,A,,F,100,68.63,00,9798001,C,
20181217,9:55:49.286149000,J,A,,F I,23,68.63,00,9798101,C,
20181217,9:56:06.484247000,Z,A,,I,94,68.63,00,9904901,C,
20181217,9:56:06.603441000,D,A,,I,48,68.64,00,9909501,C,T
20181217,9:56:07.379431000,N,A,,F,200,68.64,00,9912201,C,
20181217,9:56:07.380059000,T,A,,F I,2,68.64,00,9912301,C,
20181217,9:56:22.869469000,N,A,,F,100,68.65,00,9986501,C,
20181217,9:56:22.870814000,T,A,,F,100,68.65,00,9986601,C,
20181217,9:56:51.284559000,N,A,,F,100,68.68,00,10136801,C,
20181217,9:56:51.284685000,T,A,,F,100,68.68,00,10136901,C,
20181217,9:57:00.458810000,D,A,,,100,68.685,00,10199801,C,T
20181217,9:57:24.198444000,D,A,,I,22,68.67,00,10291301,C,T
20181217,9:57:25.128830000,D,A,,,100,68.7,00,10293301,C,T
20181217,9:57:28.982118000,T,A,,I,2,68.68,00,10315701,C,
20181217,9:57:41.807534000,N,A,,F,150,68.72,00,10409001,C,
20181217,9:57:41.807565000,N,A,,F,187,68.72,00,10409101,C,
20181217,9:57:41.807595000,N,A,,F I,65,68.72,00,10409201,C,
20181217,9:57:41.809446000,N,A,,F I,98,68.72,00,10409401,C,
20181217,9:57:42.179589000,P,A,,F,100,68.73,00,10413501,C,
20181217,9:57:45.665882000,D,A,,,300,68.71,00,10442601,C,T
20181217,9:57:53.326368000,N,A,,F,100,68.75,00,10474001,C,
20181217,9:58:02.943280000,Z,A,,,100,68.74,00,10535401,C,
20181217,9:58:02.943300000,N,A,,F,102,68.74,00,10535501,C,
20181217,9:58:12.540667000,N,A,,F,100,68.75,00,10576101,C,
20181217,9:58:13.291896000,N,A,,F,100,68.75,00,10579001,C,
20181217,9:58:24.553840000,V,A,,,600,68.735,00,10620901,C,
20181217,9:58:25.523110000,Z,A,,I,66,68.76,00,10627901,C,
20181217,9:58:25.523237000,X,A,,I,32,68.76,00,10628501,C,
20181217,9:58:25.524712000,N,A,,F,121,68.76,00,10629301,C,
20181217,9:58:25.525392000,X,A,,F,145,68.76,00,10629501,C,
20181217,9:58:25.528492000,N,A,,F I,79,68.76,00,10629801,C,
20181217,9:58:25.533489000,Z,A,,F,100,68.78,00,10630201,C,
20181217,9:58:32.618623000,V,A,,,100,68.8,00,10687201,C,
20181217,9:58:32.625896000,N,A,,F,100,68.8,00,10687301,C,
20181217,9:58:33.084841000,D,A,,,100,68.8,00,10688201,C,T
20181217,9:58:33.085976000,N,A,,F,100,68.8,00,10688301,C,
20181217,9:58:43.654412000,D,A,,,100,68.85,00,10787101,C,T
20181217,9:58:48.516836000,D,A,,,100,68.85,00,10816801,C,T
20181217,9:59:00.918223000,V,A,,,100,68.81,00,10894701,C,
20181217,9:59:02.136842000,D,A,,I,5,68.803,00,10908901,C,T
20181217,9:59:28.023925000,Z,A,,F,100,68.77,00,11067501,C,
20181217,9:59:28.024001000,B,A,,F,100,68.77,00,11067601,C,
20181217,9:59:28.024020000,Z,A,,,100,68.77,00,11067701,C,
20181217,9:59:28.024094000,Z,A,,,100,68.77,00,11067801,C,
20181217,9:59:28.024199000,T,A,,,100,68.77,00,11067901,C,
20181217,9:59:28.024238000,T,A,,,100,68.77,00,11068001,C,
20181217,9:59:28.024658000,Z,A,,,100,68.77,00,11068101,C,
20181217,9:59:28.024792000,V,A,,,100,68.775,00,11068201,C,
20181217,9:59:28.024809000,K,A,,I,20,68.77,00,11068301,C,
20181217,9:59:28.025005000,P,A,,F,100,68.76,00,11068401,C,
20181217,9:59:28.025072000,P,A,,,100,68.76,00,11068501,C,
20181217,9:59:28.025210000,N,A,,F,100,68.77,00,11068601,C,
20181217,9:59:28.025241000,N,A,,F,300,68.76,00,11068701,C,
20181217,9:59:28.025262000,N,A,,,100,68.76,00,11068801,C,
20181217,9:59:28.025343000,T,A,,F,100,68.76,00,11068901,C,
20181217,9:59:28.025393000,T,A,,F,100,68.76,00,11069001,C,
20181217,9:59:28.025410000,B,A,,F,100,68.77,00,11069101,C,
20181217,9:59:28.034871000,D,A,,,100,68.76,00,11069201,C,T
20181217,9:59:28.037399000,P,A,,F,100,68.74,00,11069301,C,
20181217,9:59:28.037547000,N,A,,F,100,68.74,00,11069401,C,
20181217,9:59:28.037620000,N,A,,,100,68.74,00,11069501,C,
20181217,9:59:28.124740000,D,A,,,300,68.785,00,11069601,C,T
20181217,9:59:28.324052000,T,A,,F I,19,68.75,00,11070501,C,
20181217,9:59:30.015205000,P,A,,,100,68.74,00,11085501,C,
20181217,9:59:30.015355000,T,A,,I,2,68.73,00,11085601,C,
20181217,9:59:30.015411000,T,A,,I,10,68.74,00,11085701,C,
20181217,9:59:30.045451000,T,A,,,100,68.75,00,11092501,C,
20181217,9:59:36.004143000,N,A,,F,100,68.76,00,11133501,C,
20181217,9:59:36.004319000,V,A,,,100,68.75,00,11134301,C,
20181217,9:59:36.004807000,N,A,,F,100,68.76,00,11135101,C,
20181217,9:59:36.008411000,T,A,,F I,74,68.77,00,11138601,C,
20181217,9:59:36.016739000,T,A,,F,119,68.77,00,11143401,C,
20181217,9:59:36.016902000,T,A,,I,7,68.77,00,11143701,C,
20181217,9:59:36.016922000,T,A,,,100,68.77,00,11143801,C,
20181217,9:59:36.017860000,Z,A,,,100,68.77,00,11144401,C,
20181217,9:59:36.023375000,N,A,,F,100,68.77,00,11146801,C,
20181217,9:59:36.034773000,N,A,,F,100,68.78,00,11149401,C,
20181217,9:59:36.743157000,P,A,,F,100,68.79,00,11160701,C,
20181217,9:59:36.743387000,Z,A,,F,100,68.79,00,11160801,C,
20181217,9:59:36.743496000,P,A,,I,25,68.8,00,11160901,C,
20181217,9:59:36.743536000,T,A,,F,200,68.79,00,11161001,C,
20181217,9:59:36.854856000,D,A,,,100,68.79,00,11161401,C,T
20181217,9:59:45.929377000,D,A,,I,20,68.78,00,11218201,C,N
20181217,9:59:53.042679000,N,A,,,100,68.85,00,11281701,C,
20181217,9:59:54.985203000,Z,A,,I,2,68.81,00,11313601,C,
20181217,9:59:56.291306000,D,A,,I,8,68.825,00,11320101,C,T
20181217,9:59:57.538820000,N,A,,,100,68.86,00,11321901,C,
20181217,9:59:57.539476000,T,A,,,100,68.86,00,11322001,C,
