DATE,TIME_M,EX,BID,BIDSIZ,ASK,ASKSIZ,QU_COND,QU_SEQNUM,NATBBO_IND,QU_CANCEL,QU_SOURCE,SYM_ROOT,SYM_SUFFIX
20181217,9:30:00.318357475,Y,66.29,1,71.76,1,R,15918201,A,,C,A,
20181217,9:30:00.760058312,X,68.61,1,69.51,3,R,15999901,A,,C,A,
20181217,9:30:01.005804310,N,69.05,3,69.11,1,O,16045207,G,,C,A,
20181217,9:30:01.006097451,P,68.62,1,69.23,1,R,16046601,A,,C,A,
20181217,9:30:01.006124860,P,68.62,1,70.41,1,R,16046802,A,,C,A,
20181217,9:30:01.007380295,N,69.05,3,69.11,1,O,16051202,A,,C,A,
20181217,9:30:01.009147895,N,68.97,3,69.11,1,R,16058001,G,,C,A,
20181217,9:30:01.009147895,N,68.86,3,69.11,1,R,16058002,G,,C,A,
20181217,9:30:01.010074675,N,68.8,1,69.11,1,R,16061301,G,,C,A,
20181217,9:30:01.011154733,B,68.23,6,72.56,1,R,16064302,A,,C,A,
20181217,9:30:01.011160321,C,68.28,3,72.56,1,R,16064401,A,,C,A,
20181217,9:30:01.011243755,N,68.8,1,69.2,20,R,16064601,G,,C,A,
20181217,9:30:01.012185206,M,68.81,2,0,0,R,16068001,U,,C,A,
20181217,9:30:01.012211495,M,68.81,2,69.19,2,R,16068101,G,,C,A,
20181217,9:30:01.017893139,V,67.24,1,0,0,R,16081601,A,,C,A,
20181217,9:30:01.018220885,K,68.6,1,71.76,1,R,16082302,A,,C,A,
20181217,9:30:01.018749836,K,68.6,1,71.76,1,R,16083201,A,,C,A,
20181217,9:30:01.019686714,V,67.24,1,70.98,1,R,16086201,A,,C,A,
20181217,9:30:01.033029383,M,68.32,6,69.19,2,R,16107601,U,,C,A,
20181217,9:30:01.033060086,M,68.32,6,0,0,R,16107701,U,,C,A,
20181217,9:30:01.054581060,P,68.8,1,70.41,1,R,16121701,A,,C,A,
20181217,9:30:01.056916642,N,68.8,1,69.11,2,R,16122001,U,,C,A,
20181217,9:30:01.085721996,B,68.23,6,72.56,1,R,16131301,A,,C,A,
20181217,9:30:01.110806322,B,68.23,6,72.56,1,R,16140001,A,,C,A,
20181217,9:30:01.119272298,T,68.75,1,69.23,1,R,16144301,A,,C,A,
20181217,9:30:01.211173655,T,68.75,2,69.23,1,R,16168201,A,,C,A,
20181217,9:30:01.260494795,P,68.8,1,69.16,1,R,16187801,U,,C,A,
20181217,9:30:01.294746717,N,68.8,1,69.11,2,R,16192301,U,,C,A,
20181217,9:30:01.296158964,Y,68.68,4,71.76,1,R,16192601,A,,C,A,
20181217,9:30:01.323292922,V,67.24,1,69.11,1,R,16197301,A,,C,A,
20181217,9:30:01.381498746,T,68.75,2,69.11,1,R,16205601,A,,C,A,
20181217,9:30:01.903716814,X,68.61,1,72.56,1,R,16301601,A,,C,A,
20181217,9:30:01.904545414,B,69.05,1,72.56,1,R,16301901,U,,C,A,
20181217,9:30:01.904620111,B,69.05,1,72.56,1,R,16302001,A,,C,A,
20181217,9:30:01.904658347,B,69.05,1,72.56,1,R,16302101,A,,C,A,
20181217,9:30:02.007015926,Z,68.6,1,69.5,6,R,16324601,A,,C,A,
20181217,9:30:02.008062881,V,0,0,69.11,1,R,16325901,A,,C,A,
20181217,9:30:02.008707771,T,68.75,1,69.11,1,R,16326901,A,,C,A,
20181217,9:30:02.008997644,N,68.8,1,69.16,1,R,16327301,U,,C,A,
20181217,9:30:02.009379977,Z,69,1,69.5,6,R,16327801,A,,C,A,
20181217,9:30:02.010298476,N,68.8,1,69.15,2,R,16328501,A,,C,A,
20181217,9:30:02.027187050,T,69.05,1,69.11,1,R,16336501,A,,C,A,
20181217,9:30:02.045310828,P,68.8,1,69.11,1,R,16340301,A,,C,A,
20181217,9:30:02.207288007,T,69.05,1,69.1,1,R,16383201,U,,C,A,
20181217,9:30:02.266390763,X,68.28,14,72.56,1,R,16390601,A,,C,A,
20181217,9:30:02.301998572,B,68.23,6,72.56,1,R,16396801,U,,C,A,
20181217,9:30:02.417904539,P,69.05,1,69.11,1,R,16409901,A,,C,A,
20181217,9:30:02.492699022,T,69.05,1,69.1,2,R,16420201,U,,C,A,
20181217,9:30:02.605048311,P,69.05,2,69.11,1,R,16436001,U,,C,A,
20181217,9:30:02.677571227,X,65.6,1,72.56,1,R,16443401,A,,C,A,
20181217,9:30:02.752585815,Z,69,1,69.37,1,R,16446701,A,,C,A,
20181217,9:30:02.953612433,Y,68.68,4,71.76,1,R,16457501,A,,C,A,
20181217,9:30:03.002885415,C,65.6,1,72.56,1,R,16460401,A,,C,A,
20181217,9:30:03.003279317,B,65.6,1,72.56,1,R,16460501,A,,C,A,
20181217,9:30:03.065956795,P,69.05,2,69.94,1,R,16469001,A,,C,A,
20181217,9:30:03.066875981,T,69.05,1,69.1,3,R,16469101,U,,C,A,
20181217,9:30:03.145438809,Y,66.29,1,71.76,1,R,16474101,A,,C,A,
20181217,9:30:03.195126034,P,68.8,1,69.94,1,R,16476201,U,,C,A,
20181217,9:30:03.195155281,P,68.8,1,69.16,1,R,16476301,A,,C,A,
20181217,9:30:03.195482092,P,68.8,1,69.09,1,R,16476401,U,,C,A,
20181217,9:30:03.195576361,T,68.75,1,69.1,3,R,16476501,U,,C,A,
20181217,9:30:03.195617087,Z,69,1,69.37,1,R,16476601,A,,C,A,
20181217,9:30:03.195617087,Y,66.29,1,71.76,1,R,16476602,A,,C,A,
20181217,9:30:03.195621957,T,68.75,1,69.09,1,R,16476701,A,,C,A,
20181217,9:30:03.195621957,T,68.75,1,69.07,1,R,16476702,U,,C,A,
20181217,9:30:03.195637085,K,68.6,1,71.76,1,R,16476801,A,,C,A,
20181217,9:30:03.195637085,X,65.6,1,69.09,1,R,16476802,A,,C,A,
20181217,9:30:03.195649559,J,68.33,1,71.76,2,R,16476901,A,,C,A,
20181217,9:30:03.195683048,Z,68.78,1,69.37,1,R,16477001,U,,C,A,
20181217,9:30:03.195719871,Z,68.6,1,69.37,1,R,16477101,A,,C,A,
20181217,9:30:03.195764285,Z,68.61,1,69.36,1,R,16477201,A,,C,A,
20181217,9:30:03.195797002,P,68.8,1,69.16,1,R,16477301,A,,C,A,
20181217,9:30:03.195821750,Z,68.79,1,69.36,1,R,16477401,A,,C,A,
20181217,9:30:03.195826124,Z,68.79,1,69.06,1,R,16477501,U,,C,A,
20181217,9:30:03.195826124,Z,68.79,1,69.06,1,R,16477502,A,,C,A,
20181217,9:30:03.196000120,Z,68.61,1,69.06,1,R,16477601,A,,C,A,
20181217,9:30:03.196096080,M,68.81,2,0,0,R,16477701,U,,C,A,
20181217,9:30:03.196165055,M,68.81,2,69.06,2,R,16477901,G,,C,A,
20181217,9:30:03.196212425,B,65.6,1,72.56,1,R,16478001,A,,C,A,
20181217,9:30:03.196282722,Z,68.61,1,69.36,2,R,16478101,A,,C,A,
20181217,9:30:03.196324433,Z,68.61,1,69.36,1,R,16478201,A,,C,A,
20181217,9:30:03.196328792,T,68.75,1,69.05,1,R,16478301,U,,C,A,
20181217,9:30:03.196493432,B,65.6,1,72.56,1,R,16478401,A,,C,A,
20181217,9:30:03.196493432,B,65.6,1,72.56,1,R,16478402,A,,C,A,
20181217,9:30:03.196675691,P,68.8,1,69.94,1,R,16478501,A,,C,A,
20181217,9:30:03.196855767,N,68.8,1,69.15,2,R,16478601,A,,C,A,
20181217,9:30:03.211382458,X,68.61,1,69.09,1,R,16479401,A,,C,A,
20181217,9:30:03.225572313,Z,68.61,1,69.36,1,R,16483801,A,,C,A,
20181217,9:30:03.225588942,Y,66.29,1,71.76,1,R,16483901,A,,C,A,
20181217,9:30:03.225588942,K,68.6,1,71.76,1,R,16483902,A,,C,A,
20181217,9:30:03.225593592,J,68.33,1,71.76,2,R,16484001,A,,C,A,
20181217,9:30:03.233104179,M,68.32,6,69.06,2,R,16484401,U,,C,A,
20181217,9:30:03.233131360,M,68.32,6,0,0,R,16484501,A,,C,A,
20181217,9:30:03.255917672,X,68.61,1,72.56,1,R,16486701,A,,C,A,
20181217,9:30:03.260717656,B,65.6,1,72.56,1,R,16487801,A,,C,A,
20181217,9:30:03.286176680,N,68.8,1,69.15,2,R,16491001,A,,C,A,
20181217,9:30:03.286359402,Y,66.29,1,71.76,1,R,16491101,A,,C,A,
20181217,9:30:03.286522829,B,65.6,1,72.56,1,R,16491201,A,,C,A,
20181217,9:30:03.314690974,Y,66.29,1,69.11,1,R,16493301,A,,C,A,
20181217,9:30:03.317845989,B,65.6,1,72.56,1,R,16494001,A,,C,A,
20181217,9:30:03.503434948,X,68.63,14,72.56,1,R,16513601,A,,C,A,
20181217,9:30:03.631748996,M,0,0,0,0,R,16522801,A,,C,A,
20181217,9:30:03.777215944,C,68.63,2,72.56,1,R,16530201,A,,C,A,
20181217,9:30:03.777602685,B,68.58,5,72.56,1,R,16530301,A,,C,A,
20181217,9:30:03.985060119,Z,68.61,1,69.32,1,R,16542801,A,,C,A,
20181217,9:30:04.051767952,Y,68.68,4,69.11,1,R,16549201,A,,C,A,
20181217,9:30:04.471863224,M,68.67,5,0,0,R,16579401,A,,C,A,
20181217,9:30:04.472229912,T,68.75,1,69.1,2,R,16579501,U,,C,A,
20181217,9:30:04.472300017,Z,68.61,1,69.36,1,R,16579601,A,,C,A,
20181217,9:30:04.472380463,T,68.75,1,69.09,1,R,16579701,U,,C,A,
20181217,9:30:04.472397042,B,68.58,5,72.56,1,R,16579801,A,,C,A,
20181217,9:30:04.518953111,B,68.58,5,72.56,1,R,16584301,A,,C,A,
20181217,9:30:04.524762866,K,68.34,1,71.76,1,R,16584901,A,,C,A,
20181217,9:30:04.681697843,J,66.31,1,71.76,2,R,16595501,A,,C,A,
20181217,9:30:04.681940012,A,0,0,0,0,R,16595601,A,,C,A,
20181217,9:30:04.982677256,Y,68.68,4,71.76,1,R,16622801,A,,C,A,
20181217,9:30:04.982742433,Z,68.61,1,69.36,2,R,16622901,A,,C,A,
20181217,9:30:05.011460379,P,68.8,1,69.05,1,R,16640201,U,,C,A,
20181217,9:30:05.011668505,P,68.8,1,69.05,2,R,16640301,U,,C,A,
20181217,9:30:05.011744878,P,68.8,1,69.05,3,R,16640401,U,,C,A,
20181217,9:30:05.011823923,P,68.8,1,69.05,4,R,16640501,U,,C,A,
20181217,9:30:05.011953400,Z,68.61,1,69.36,1,R,16640601,A,,C,A,
20181217,9:30:05.012276477,B,68.58,5,72.56,1,R,16640702,A,,C,A,
20181217,9:30:05.030200683,Y,68.68,4,71.76,1,R,16645401,A,,C,A,
20181217,9:30:05.030240526,N,68.8,1,69.15,2,R,16645501,U,,C,A,
20181217,9:30:05.030847651,B,68.58,5,72.56,1,R,16645901,A,,C,A,
20181217,9:30:05.064702328,K,68.45,1,71.76,1,R,16652301,A,,C,A,
20181217,9:30:05.064809053,K,68.45,2,71.76,1,R,16652501,A,,C,A,
20181217,9:30:05.342983353,K,68.45,1,71.76,1,R,16701301,A,,C,A,
20181217,9:30:05.447752735,M,68.67,5,69.04,2,R,16723101,U,,C,A,
20181217,9:30:05.448181475,B,68.58,5,72.56,1,R,16723201,A,,C,A,
20181217,9:30:05.457699529,Z,68.62,2,69.35,2,R,16724701,A,,C,A,
20181217,9:30:05.493996948,M,68.67,5,0,0,R,16728401,U,,C,A,
20181217,9:30:05.511359964,Z,68.61,1,69.36,1,R,16732201,A,,C,A,
20181217,9:30:05.511763301,V,0,0,69.1,1,R,16732501,A,,C,A,
20181217,9:30:05.512153112,Z,68.61,1,69.32,1,R,16732701,A,,C,A,
20181217,9:30:05.678194044,N,68.8,1,69.05,1,R,16758201,A,,C,A,
20181217,9:30:05.679057605,J,68.68,1,71.76,2,R,16758301,A,,C,A,
20181217,9:30:05.679140205,A,68.67,1,0,0,R,16758401,A,,C,A,
20181217,9:30:05.705866173,B,68.58,5,72.56,1,R,16760801,A,,C,A,
20181217,9:30:06.435346859,T,68.75,1,69.1,2,R,16846201,A,,C,A,
20181217,9:30:06.435538604,T,68.75,1,69.04,1,R,16846301,U,,C,A,
20181217,9:30:06.435668628,B,68.58,5,72.56,1,R,16846401,A,,C,A,
20181217,9:30:06.435684139,B,68.58,5,72.56,1,R,16846501,A,,C,A,
20181217,9:30:06.435684139,B,68.58,5,72.56,1,R,16846502,A,,C,A,
20181217,9:30:06.490758862,P,68.8,1,69.04,1,R,16851601,U,,C,A,
20181217,9:30:07.002681693,Z,68.61,1,69.32,7,R,16899901,A,,C,A,
20181217,9:30:07.088189818,P,68.45,2,69.04,1,R,16907201,A,,C,A,
20181217,9:30:07.088222018,P,68.45,1,69.04,1,R,16907301,A,,C,A,
20181217,9:30:07.089224263,P,69,1,69.04,1,R,16907401,U,,C,A,
20181217,9:30:07.089343356,P,68.45,1,69.04,1,R,16907501,U,,C,A,
20181217,9:30:07.089963154,T,68.75,1,69.1,1,R,16907601,U,,C,A,
20181217,9:30:07.090227189,M,68.81,2,0,0,R,16907701,U,,C,A,
20181217,9:30:07.090551801,T,68.75,1,69.03,1,R,16907801,U,,C,A,
20181217,9:30:07.090587862,Z,68.61,1,69.32,6,R,16907901,A,,C,A,
20181217,9:30:07.090602679,B,68.58,5,72.56,1,R,16908001,A,,C,A,
20181217,9:30:07.090668854,B,68.58,5,72.56,1,R,16908101,A,,C,A,
20181217,9:30:07.091066348,P,68.46,2,69.04,1,R,16908201,A,,C,A,
20181217,9:30:07.091149272,Z,68.62,2,69.32,6,R,16908301,A,,C,A,
20181217,9:30:07.091347339,Z,68.62,2,69.31,2,R,16908401,A,,C,A,
20181217,9:30:07.115478863,M,68.67,5,0,0,R,16909601,U,,C,A,
20181217,9:30:07.119736322,N,68.8,2,69.05,1,R,16909801,U,,C,A,
20181217,9:30:07.121083856,P,68.45,1,69.04,1,R,16909901,A,,C,A,
20181217,9:30:07.121207321,Z,68.61,1,69.31,2,R,16910101,A,,C,A,
20181217,9:30:07.121220345,Z,68.61,1,69.32,6,R,16910201,A,,C,A,
20181217,9:30:07.131975208,B,68.58,5,72.56,1,R,16911101,A,,C,A,
20181217,9:30:07.143017825,B,68.58,5,72.56,1,R,16911401,A,,C,A,
20181217,9:30:07.216080188,B,68.58,5,72.56,1,R,16918101,A,,C,A,
20181217,9:30:07.295547801,N,68.8,2,69.05,1,R,16925001,A,,C,A,
20181217,9:30:07.616605142,Z,68.61,1,69.3,1,R,16960401,A,,C,A,
20181217,9:30:10.464090987,P,67.67,1,69.04,1,R,17293501,A,,C,A,
20181217,9:30:10.464173512,K,68.34,1,71.76,1,R,17293601,A,,C,A,
20181217,9:30:11.505344751,P,67.67,1,69.05,4,R,17412201,A,,C,A,
20181217,9:30:11.505985121,Z,68.61,1,69.03,1,R,17412401,A,,C,A,
20181217,9:30:11.532639624,V,0,0,69.11,1,R,17414501,A,,C,A,
20181217,9:30:11.692822149,N,68.8,2,69.4,1,R,17429301,A,,C,A,
20181217,9:30:11.693779129,T,68.75,1,69.03,2,R,17429401,U,,C,A,
20181217,9:30:12.245188662,M,68.81,2,0,0,R,17475401,U,,C,A,
20181217,9:30:12.245427540,Z,68.62,2,69.03,1,R,17475501,A,,C,A,
20181217,9:30:12.245597229,B,68.58,5,72.56,1,R,17475601,A,,C,A,
20181217,9:30:12.245624761,B,68.58,5,72.56,1,R,17475701,A,,C,A,
20181217,9:30:12.245741858,P,67.68,2,69.05,4,R,17475801,A,,C,A,
20181217,9:30:12.283081720,M,68.67,5,0,0,R,17476601,U,,C,A,
20181217,9:30:12.297925381,B,68.58,5,72.56,1,R,17482101,A,,C,A,
20181217,9:30:12.443576635,Y,68.68,4,71.76,1,R,17500701,A,,C,A,
20181217,9:30:12.451695218,P,67.67,1,69.05,4,R,17501601,A,,C,A,
20181217,9:30:12.451811492,Z,68.61,1,69.03,1,R,17501701,A,,C,A,
20181217,9:30:18.218904052,Y,68.68,4,69.03,1,R,17957401,A,,C,A,
20181217,9:30:18.218904052,C,68.63,2,69.03,1,R,17957402,A,,C,A,
20181217,9:30:18.219099015,Y,68.79,1,69.03,1,R,17957501,A,,C,A,
20181217,9:30:18.219114434,Y,68.79,1,69.03,2,R,17957601,A,,C,A,
20181217,9:30:20.097116982,Y,68.68,4,69.03,2,R,18077001,A,,C,A,
20181217,9:30:20.097127764,Y,68.8,1,69.03,2,R,18077101,A,,C,A,
20181217,9:30:20.097220762,Y,68.8,1,69.03,1,R,18077201,A,,C,A,
20181217,9:30:20.965149601,P,67.67,1,69.03,1,R,18108801,A,,C,A,
20181217,9:30:21.004091047,K,68.4,2,71.76,1,R,18110301,A,,C,A,
20181217,9:30:21.004197197,K,68.41,3,71.76,1,R,18110401,A,,C,A,
20181217,9:30:21.004288053,K,68.42,3,71.76,1,R,18110501,A,,C,A,
20181217,9:30:21.004401711,K,68.43,4,71.76,1,R,18110601,A,,C,A,
20181217,9:30:21.004476749,K,68.44,2,71.76,1,R,18110701,A,,C,A,
20181217,9:30:21.004597993,K,68.45,2,71.76,1,R,18110801,A,,C,A,
20181217,9:30:21.004674710,K,68.46,3,71.76,1,R,18110901,A,,C,A,
20181217,9:30:21.004796901,K,68.47,3,71.76,1,R,18111201,A,,C,A,
20181217,9:30:21.004873177,K,68.48,3,71.76,1,R,18111301,A,,C,A,
20181217,9:30:21.004956102,K,68.49,4,71.76,1,R,18111401,A,,C,A,
20181217,9:30:21.005074166,K,68.5,3,71.76,1,R,18111501,A,,C,A,
20181217,9:30:21.005154291,K,68.51,6,71.76,1,R,18111601,A,,C,A,
20181217,9:30:21.133082882,K,68.51,3,71.76,1,R,18119101,A,,C,A,
20181217,9:30:22.871936660,B,68.58,5,72.56,1,R,18225301,A,,C,A,
20181217,9:30:22.871977146,N,68.8,2,69.4,1,R,18225401,A,,C,A,
20181217,9:30:25.569379170,T,68.75,1,69.03,3,R,18428401,U,,C,A,
20181217,9:30:25.569494865,Y,68.8,1,69.03,2,R,18428501,A,,C,A,
20181217,9:30:26.101941382,P,67.68,2,69.03,1,R,18460501,A,,C,A,
20181217,9:30:28.300663073,Y,68.8,1,69.03,1,R,18584401,A,,C,A,
20181217,9:30:28.468319425,C,68.63,2,72.56,1,R,18587501,A,,C,A,
20181217,9:30:28.470355952,N,68.8,2,69.03,1,R,18587701,A,,C,A,
20181217,9:30:28.470865785,Y,68.8,1,69.03,2,R,18587901,A,,C,A,
20181217,9:30:29.004058957,Y,68.8,1,69.02,1,R,18610001,U,,C,A,
20181217,9:30:29.004385770,M,68.67,5,69.02,2,R,18610101,U,,C,A,
20181217,9:30:29.004455527,B,68.58,5,72.56,1,R,18610201,A,,C,A,
20181217,9:30:29.004477559,B,68.58,5,72.56,1,R,18610301,A,,C,A,
20181217,9:30:29.005405141,Z,68.62,2,69.03,1,R,18610401,A,,C,A,
20181217,9:30:29.005413579,Z,68.62,2,69.02,2,R,18610501,A,,C,A,
20181217,9:30:29.005416185,P,67.69,2,69.03,1,R,18610601,A,,C,A,
20181217,9:30:29.005429540,P,67.69,2,69.02,2,R,18610701,A,,C,A,
20181217,9:30:29.007918865,P,67.69,2,69.02,3,R,18611401,U,,C,A,
20181217,9:30:29.008437245,Z,68.62,2,69.02,3,R,18611501,A,,C,A,
20181217,9:30:29.027342483,M,68.67,5,0,0,R,18612001,A,,C,A,
20181217,9:30:29.042084640,P,67.67,1,69.02,3,R,18613401,U,,C,A,
20181217,9:30:29.042091136,P,67.67,1,69.02,1,R,18613501,A,,C,A,
20181217,9:30:29.042132405,Z,68.61,1,69.02,3,R,18613602,A,,C,A,
20181217,9:30:29.042137060,Z,68.61,1,69.02,1,R,18613701,U,,C,A,
20181217,9:30:29.042268969,Y,68.8,1,69.03,1,R,18613801,U,,C,A,
20181217,9:30:29.042268969,Y,68.8,1,69.01,1,R,18613802,U,,C,A,
20181217,9:30:29.042328397,Z,68.61,1,69.03,2,R,18613901,A,,C,A,
20181217,9:30:29.042366361,Z,68.61,1,69.02,2,R,18614101,A,,C,A,
20181217,9:30:29.042659913,B,68.58,5,72.56,1,R,18614201,A,,C,A,
20181217,9:30:29.042688759,B,68.58,5,72.56,1,R,18614301,A,,C,A,
20181217,9:30:29.044794178,T,68.75,1,69.03,2,R,18614601,A,,C,A,
20181217,9:30:29.044851330,T,68.75,1,69.01,1,R,18614701,A,,C,A,
20181217,9:30:29.055423374,Z,68.61,1,69.03,2,R,18614801,A,,C,A,
20181217,9:30:29.299183595,Y,68.8,1,69.03,1,R,18623001,U,,C,A,
20181217,9:30:29.299216298,Z,68.61,1,69.03,1,R,18623101,A,,C,A,
20181217,9:30:29.633192461,P,67.68,2,69.02,1,R,18643501,A,,C,A,
20181217,9:30:30.131095387,T,68.75,2,69.01,1,R,18699201,A,,C,A,
20181217,9:30:30.131171170,Y,68.8,1,69.01,1,R,18699401,A,,C,A,
20181217,9:30:30.131375159,T,68.75,2,69,1,R,18699802,U,,C,A,
20181217,9:30:30.133877681,P,67.68,2,69,1,R,18700401,A,,C,A,
20181217,9:30:30.134212337,T,68.75,2,69,2,R,18700501,U,,C,A,
20181217,9:30:30.299339101,Y,68.8,1,69.03,1,R,18727301,A,,C,A,
20181217,9:30:30.600122698,Y,68.8,1,68.99,1,R,18745401,U,,C,A,
20181217,9:30:30.600518197,B,68.58,5,72.56,1,R,18745501,A,,C,A,
20181217,9:30:30.600552170,B,68.58,5,72.56,1,R,18745601,A,,C,A,
20181217,9:30:30.602610503,T,68.75,2,68.99,1,R,18745701,A,,C,A,
20181217,9:30:30.602716936,T,68.75,2,68.99,2,R,18745801,U,,C,A,
20181217,9:30:30.602721154,Z,68.61,1,69.03,2,R,18745901,A,,C,A,
20181217,9:30:30.602793446,T,68.75,2,68.99,3,R,18746001,U,,C,A,
20181217,9:30:30.602797628,Z,68.61,1,69.02,2,R,18746101,A,,C,A,
20181217,9:30:30.603002389,T,68.75,2,68.99,4,R,18746201,U,,C,A,
20181217,9:30:30.604672320,P,67.68,2,68.99,1,R,18746301,A,,C,A,
20181217,9:30:30.692667533,Z,68.61,1,69.02,1,R,18753001,A,,C,A,
20181217,9:30:31.745945223,Y,68.8,1,68.98,1,R,18856701,U,,C,A,
20181217,9:30:31.745945223,T,68.75,2,68.99,5,R,18856702,A,,C,A,
20181217,9:30:31.746341920,B,68.58,5,72.56,1,R,18856801,A,,C,A,
20181217,9:30:31.746374704,B,68.58,5,72.56,1,R,18856901,A,,C,A,
20181217,9:30:32.298541179,Y,68.8,1,69.03,1,R,18906301,U,,C,A,
20181217,9:30:32.299132166,T,68.75,2,68.98,1,R,18906401,U,,C,A,
20181217,9:30:32.299195975,B,68.58,5,72.56,1,R,18906501,A,,C,A,
20181217,9:30:32.299226558,B,68.58,5,72.56,1,R,18906601,A,,C,A,
20181217,9:30:32.300077268,Y,68.68,4,69.03,1,R,18907501,A,,C,A,
20181217,9:30:32.300680397,M,68.81,2,0,0,R,18907601,U,,C,A,
20181217,9:30:32.300748854,M,68.81,2,68.97,2,R,18907701,G,,C,A,
20181217,9:30:32.300997445,B,68.58,5,72.56,1,R,18907801,A,,C,A,
20181217,9:30:32.301030804,B,68.58,5,72.56,1,R,18907901,A,,C,A,
20181217,9:30:32.301074161,B,68.58,5,72.56,1,R,18908001,A,,C,A,
20181217,9:30:32.301085353,B,68.58,5,72.56,1,R,18908101,A,,C,A,
20181217,9:30:32.301421256,P,67.69,2,68.99,1,R,18908201,A,,C,A,
20181217,9:30:32.301539324,P,67.69,2,68.98,1,R,18908301,A,,C,A,
20181217,9:30:32.301553669,Z,68.62,2,69.02,1,R,18908401,A,,C,A,
20181217,9:30:32.301789869,B,68.58,5,72.56,1,R,18908501,A,,C,A,
20181217,9:30:32.301827188,B,68.58,5,72.56,1,R,18908601,A,,C,A,
20181217,9:30:32.312834162,Y,68.79,1,68.98,1,R,18910801,A,,C,A,
20181217,9:30:32.343626304,M,68.67,5,68.97,2,R,18914401,U,,C,A,
20181217,9:30:32.343640395,M,68.67,5,0,0,R,18914501,U,,C,A,
20181217,9:30:32.344365991,P,67.67,1,68.98,1,R,18914601,A,,C,A,
20181217,9:30:32.344444811,Z,68.61,1,69.02,1,R,18914701,A,,C,A,
20181217,9:30:32.344691408,B,68.58,5,72.56,1,R,18914801,A,,C,A,
20181217,9:30:32.344702357,B,68.58,5,72.56,1,R,18914901,A,,C,A,
20181217,9:30:32.821982347,P,67.68,2,68.98,1,R,18928801,A,,C,A,
20181217,9:30:33.003596806,K,68.51,3,71.76,1,R,18937301,A,,C,A,
20181217,9:30:33.003701295,K,68.57,2,71.76,1,R,18937401,A,,C,A,
20181217,9:30:33.003715239,K,68.58,3,71.76,1,R,18937501,A,,C,A,
20181217,9:30:33.003819367,K,68.59,3,71.76,1,R,18937601,A,,C,A,
20181217,9:30:33.003938284,K,68.6,3,71.76,1,R,18937701,A,,C,A,
20181217,9:30:33.004020512,Z,68.61,2,69.02,1,R,18937801,A,,C,A,
20181217,9:30:33.004020512,K,68.61,3,71.76,1,R,18937802,A,,C,A,
20181217,9:30:33.005504488,Z,68.62,2,69.02,1,R,18937901,A,,C,A,
20181217,9:30:33.005518974,K,68.62,2,71.76,1,R,18938001,A,,C,A,
20181217,9:30:33.005618803,K,68.62,3,71.76,1,R,18938101,A,,C,A,
20181217,9:30:33.094570774,Z,68.62,1,69.02,1,R,18943901,A,,C,A,
20181217,9:30:33.171363063,K,68.62,2,71.76,1,R,18945501,A,,C,A,
20181217,9:30:33.567294742,T,68.75,2,68.98,2,R,18974801,U,,C,A,
20181217,9:30:34.620953185,V,0,0,69.03,1,R,19021201,A,,C,A,
20181217,9:30:35.597751977,Z,68.62,1,68.97,1,R,19062401,U,,C,A,
20181217,9:30:35.597869010,Y,68.79,1,69.03,1,R,19062501,A,,C,A,
20181217,9:30:35.598153245,B,68.58,5,72.56,1,R,19062601,A,,C,A,
20181217,9:30:35.598167200,B,68.58,5,72.56,1,R,19062701,A,,C,A,
20181217,9:30:35.600386119,P,67.68,2,68.97,1,R,19062801,A,,C,A,
20181217,9:30:35.656694991,Y,68.79,1,68.99,1,R,19066001,A,,C,A,
20181217,9:30:35.730632189,Y,68.79,1,68.98,1,R,19069001,A,,C,A,
20181217,9:30:35.840901472,Z,68.62,1,68.97,1,R,19077801,U,,C,A,
20181217,9:30:35.840978863,Z,68.63,1,68.97,1,R,19077901,A,,C,A,
20181217,9:30:35.840985459,Y,68.79,1,69.03,1,R,19078001,A,,C,A,
20181217,9:30:35.841025605,K,68.63,3,71.76,1,R,19078101,A,,C,A,
20181217,9:30:35.841102914,K,68.63,4,71.76,1,R,19078201,A,,C,A,
20181217,9:30:35.841106947,Z,68.63,2,68.97,1,R,19078301,A,,C,A,
20181217,9:30:35.841106947,Z,68.64,1,68.97,1,R,19078302,A,,C,A,
20181217,9:30:35.841138638,K,68.64,3,71.76,1,R,19078401,A,,C,A,
20181217,9:30:35.841221053,Z,68.65,1,68.97,1,R,19078501,A,,C,A,
20181217,9:30:35.841221053,K,68.65,3,71.76,1,R,19078502,A,,C,A,
20181217,9:30:35.856916410,B,68.58,5,72.56,1,R,19079401,A,,C,A,
20181217,9:30:35.882079201,Z,68.66,1,68.97,1,R,19079801,A,,C,A,
20181217,9:30:35.882083785,Y,68.79,1,69,1,R,19079901,A,,C,A,
20181217,9:30:35.882125972,K,68.66,2,71.76,1,R,19080001,A,,C,A,
20181217,9:30:35.900850586,Z,68.67,1,68.97,1,R,19081201,A,,C,A,
20181217,9:30:35.900854950,K,68.67,3,71.76,1,R,19081301,A,,C,A,
20181217,9:30:35.900919031,Z,68.68,1,68.97,1,R,19081401,A,,C,A,
20181217,9:30:35.900964392,K,68.68,2,71.76,1,R,19081501,A,,C,A,
20181217,9:30:35.901299016,Z,68.68,2,68.97,1,R,19081601,A,,C,A,
20181217,9:30:35.901303902,Z,68.69,1,68.97,1,R,19081701,A,,C,A,
20181217,9:30:35.901307463,K,68.69,3,71.76,1,R,19081801,A,,C,A,
20181217,9:30:36.812193927,T,68.75,2,68.98,1,R,19137701,A,,C,A,
20181217,9:30:36.812379194,T,68.75,2,68.96,1,R,19137801,U,,C,A,
20181217,9:30:36.812395397,Y,68.79,1,69.03,1,R,19137901,A,,C,A,
20181217,9:30:36.814235034,K,68.69,3,71.76,1,R,19138001,A,,C,A,
20181217,9:30:36.814979072,P,67.68,2,68.96,1,R,19138101,A,,C,A,
20181217,9:30:36.816337467,K,68.69,3,71.76,1,R,19138301,A,,C,A,
20181217,9:30:36.820830659,K,68.69,3,71.76,1,R,19138401,A,,C,A,
20181217,9:30:36.820945410,Y,68.79,1,68.99,1,R,19138501,A,,C,A,
20181217,9:30:38.583605875,T,68.75,2,68.96,2,R,19268501,U,,C,A,
20181217,9:30:38.583643332,Y,68.79,1,68.98,1,R,19268601,A,,C,A,
20181217,9:30:38.761061633,K,68.69,3,68.96,1,R,19284101,A,,C,A,
20181217,9:30:38.761177812,Y,68.79,1,69.03,1,R,19284201,A,,C,A,
20181217,9:30:38.761188197,Y,68.79,1,68.97,1,R,19284301,A,,C,A,
20181217,9:30:38.761454828,Y,68.66,3,68.97,1,R,19284401,A,,C,A,
20181217,9:30:38.761541233,K,68.68,2,68.96,1,R,19284501,A,,C,A,
20181217,9:30:38.809117296,Y,68.78,1,68.97,1,R,19290302,A,,C,A,
20181217,9:30:40.642955808,V,0,0,69.11,1,R,19419201,A,,C,A,
20181217,9:30:40.643145738,V,0,0,69.01,1,R,19419301,A,,C,A,
20181217,9:30:40.694178467,Z,68.69,1,68.98,1,R,19421501,A,,C,A,
20181217,9:30:40.801600471,T,68.75,2,68.96,3,R,19424001,U,,C,A,
20181217,9:30:40.801635995,Y,68.78,1,68.96,1,R,19424101,A,,C,A,
20181217,9:30:40.803565380,K,68.68,2,68.96,1,R,19424601,A,,C,A,
20181217,9:30:40.803675785,K,68.69,2,68.96,1,R,19424701,A,,C,A,
20181217,9:30:40.803954217,K,68.69,3,68.96,1,R,19425001,A,,C,A,
20181217,9:30:41.642921030,B,68.58,5,72.56,1,R,19482401,A,,C,A,
20181217,9:30:41.889361820,K,68.69,2,68.96,1,R,19493201,A,,C,A,
20181217,9:30:47.312391760,Z,68.69,1,68.95,1,R,19856201,U,,C,A,
20181217,9:30:47.312525213,Y,68.78,1,69.03,1,R,19856301,A,,C,A,
20181217,9:30:47.312632024,Y,68.79,1,69.03,1,R,19856401,A,,C,A,
20181217,9:30:47.312800075,B,68.58,5,72.56,1,R,19856501,A,,C,A,
20181217,9:30:47.312837630,B,68.58,5,72.56,1,R,19856601,A,,C,A,
20181217,9:30:47.314201581,K,68.69,2,68.96,1,R,19856701,A,,C,A,
20181217,9:30:47.314270888,K,68.68,2,68.96,1,R,19856801,A,,C,A,
20181217,9:30:47.316088322,T,68.75,2,68.95,1,R,19856901,A,,C,A,
20181217,9:30:47.316324177,K,68.68,2,68.96,1,R,19857001,A,,C,A,
20181217,9:30:47.350574250,B,68.58,5,72.56,1,R,19859001,A,,C,A,
20181217,9:30:47.397550367,Y,68.79,1,68.98,1,R,19861501,A,,C,A,
20181217,9:30:47.465345446,T,68.75,2,68.95,2,R,19862901,U,,C,A,
20181217,9:30:47.465426236,Y,68.79,1,69.03,1,R,19863001,A,,C,A,
20181217,9:30:47.465438654,Y,68.79,1,68.97,1,R,19863101,A,,C,A,
20181217,9:30:48.361981765,Y,68.79,1,68.96,1,R,19905701,A,,C,A,
20181217,9:30:48.362426960,T,68.75,2,68.94,1,R,19905801,U,,C,A,
20181217,9:30:48.362455131,Y,68.79,1,69.03,1,R,19905901,A,,C,A,
20181217,9:30:48.362504772,K,68.69,3,68.96,1,R,19906001,A,,C,A,
20181217,9:30:48.362573196,K,68.69,4,68.96,1,R,19906101,A,,C,A,
20181217,9:30:48.608952495,Y,68.79,1,68.97,1,R,19909701,A,,C,A,
20181217,9:30:48.609054353,Z,68.69,1,68.94,1,R,19909801,A,,C,A,
20181217,9:30:48.609186531,K,68.69,3,68.96,1,R,19909901,A,,C,A,
20181217,9:30:49.799796495,P,67.68,2,68.94,1,R,19970601,A,,C,A,
20181217,9:30:49.799807494,K,68.69,3,68.98,2,R,19970701,A,,C,A,
20181217,9:30:49.799931469,Y,68.64,3,68.97,1,R,19970801,A,,C,A,
20181217,9:30:49.799945508,Y,68.64,3,69.03,1,R,19970901,A,,C,A,
20181217,9:30:49.799963511,Y,68.64,3,68.96,1,R,19971001,A,,C,A,
20181217,9:30:50.041685667,P,67.67,1,68.94,1,R,19998301,A,,C,A,
20181217,9:30:50.671559674,P,67.68,2,68.94,1,R,20024901,A,,C,A,
20181217,9:30:51.676708641,Y,68.77,1,68.96,1,R,20082001,A,,C,A,
20181217,9:30:51.677299471,V,0,0,69.11,1,R,20082501,A,,C,A,
20181217,9:30:52.610086514,T,68.75,2,68.94,2,R,20136601,U,,C,A,
20181217,9:30:52.610162886,Y,68.77,1,68.95,1,R,20136701,A,,C,A,
20181217,9:31:00.007971230,Y,68.77,1,68.94,1,R,20616001,A,,C,A,
20181217,9:31:00.045573057,Y,68.77,1,68.94,1,R,20627201,A,,C,A,
20181217,9:31:00.874289395,Y,68.77,1,69.03,1,R,20700601,A,,C,A,
20181217,9:31:00.874402115,Y,68.78,1,69.03,1,R,20700701,A,,C,A,
20181217,9:31:00.874522468,Z,68.7,1,68.94,1,R,20700801,A,,C,A,
20181217,9:31:00.874598966,Z,68.7,2,68.94,1,R,20700901,A,,C,A,
20181217,9:31:00.874615072,K,68.7,3,68.98,2,R,20701001,A,,C,A,
20181217,9:31:00.874723840,K,68.7,4,68.98,2,R,20701101,A,,C,A,
20181217,9:31:00.876040326,P,67.68,2,68.94,2,R,20701501,A,,C,A,
20181217,9:31:00.876195425,P,67.68,2,68.94,3,R,20701701,U,,C,A,
20181217,9:31:00.876273377,P,67.68,2,68.94,4,R,20701801,U,,C,A,
20181217,9:31:00.876313636,P,67.68,2,68.94,5,R,20701901,U,,C,A,
20181217,9:31:00.876601396,Z,68.71,1,68.94,1,R,20702001,A,,C,A,
20181217,9:31:00.876608688,K,68.71,2,68.98,2,R,20702101,A,,C,A,
20181217,9:31:00.876841673,Z,68.71,1,68.94,2,R,20702201,A,,C,A,
20181217,9:31:00.881287187,Y,68.78,1,68.96,1,R,20702301,A,,C,A,
20181217,9:31:01.008662459,Y,68.78,1,69.03,1,R,20707301,A,,C,A,
20181217,9:31:01.008662459,Y,68.78,1,68.95,1,R,20707302,A,,C,A,
20181217,9:31:02.222224303,Y,68.78,1,69.03,1,R,20825001,A,,C,A,
20181217,9:31:02.222234176,Y,68.78,1,68.94,1,R,20825101,A,,C,A,
20181217,9:31:02.447918296,Y,68.64,3,68.94,1,R,20836701,A,,C,A,
20181217,9:31:02.674610884,Y,68.76,1,68.94,1,R,20890701,A,,C,A,
20181217,9:31:02.738635587,Y,68.77,1,68.94,1,R,20893701,A,,C,A,
20181217,9:31:03.745976251,P,67.69,2,68.94,5,R,20958001,A,,C,A,
20181217,9:31:03.746019411,M,68.67,5,68.93,2,R,20958101,U,,C,A,
20181217,9:31:03.749739201,Z,68.71,1,68.93,2,R,20958201,A,,C,A,
20181217,9:31:03.749743585,Y,68.77,1,69.03,1,R,20958301,A,,C,A,
20181217,9:31:03.749762053,T,68.75,2,68.93,1,R,20958401,A,,C,A,
20181217,9:31:03.766669326,Z,68.72,1,68.93,2,R,20958501,A,,C,A,
20181217,9:31:03.766713615,K,68.72,3,68.98,2,R,20958601,A,,C,A,
20181217,9:31:03.766739118,Z,68.72,2,68.93,2,R,20958701,A,,C,A,
20181217,9:31:03.766783037,K,68.72,4,68.98,2,R,20958801,A,,C,A,
20181217,9:31:03.766797515,Y,68.77,1,68.97,1,R,20958901,A,,C,A,
20181217,9:31:03.766864732,Y,68.78,1,68.97,1,R,20959001,A,,C,A,
20181217,9:31:03.766901858,Z,68.73,1,68.93,2,R,20959101,A,,C,A,
20181217,9:31:03.766951604,K,68.73,2,68.98,2,R,20959201,A,,C,A,
20181217,9:31:03.791509563,P,67.67,1,68.94,5,R,20959601,A,,C,A,
20181217,9:31:03.794594068,M,68.67,5,0,0,R,20961001,U,,C,A,
20181217,9:31:03.835883662,Y,68.78,1,68.97,1,R,20963001,A,,C,A,
20181217,9:31:03.847061395,T,68.75,2,68.93,2,R,20963301,A,,C,A,
20181217,9:31:03.847101498,Y,68.78,1,69.03,1,R,20963401,A,,C,A,
20181217,9:31:03.847113764,Y,68.78,1,68.96,1,R,20963501,A,,C,A,
20181217,9:31:03.863694036,Z,68.73,1,68.93,1,R,20963901,U,,C,A,
20181217,9:31:03.969059903,Y,68.78,1,69.03,1,R,20964901,A,,C,A,
20181217,9:31:03.969076844,Y,68.78,1,68.95,1,R,20965001,A,,C,A,
20181217,9:31:04.321722419,P,67.68,2,68.94,5,R,21004501,A,,C,A,
20181217,9:31:04.840090229,P,67.68,2,68.93,1,R,21036901,A,,C,A,
20181217,9:31:04.840617546,Y,68.64,3,68.95,1,R,21037001,A,,C,A,
20181217,9:31:04.840984367,T,68.75,2,68.92,1,R,21037101,U,,C,A,
20181217,9:31:04.841021147,Y,68.64,3,69.03,1,R,21037201,A,,C,A,
20181217,9:31:04.844582934,T,68.75,2,68.92,2,R,21037401,U,,C,A,
20181217,9:31:04.846211512,Y,68.77,1,68.96,1,R,21037801,A,,C,A,
20181217,9:31:04.953578922,Y,68.77,1,68.95,1,R,21040301,A,,C,A,
20181217,9:31:05.656491738,T,68.75,2,68.92,3,R,21097401,U,,C,A,
20181217,9:31:07.845672786,N,68.8,1,69.03,1,R,21221101,U,,C,A,
20181217,9:31:07.846159087,Y,68.77,1,68.94,1,R,21221201,A,,C,A,
20181217,9:31:07.846189667,Y,68.64,3,68.94,1,R,21221301,A,,C,A,
20181217,9:31:07.846519109,M,68.67,5,68.91,2,R,21221401,U,,C,A,
20181217,9:31:07.846986084,P,67.69,2,68.93,1,R,21221501,A,,C,A,
20181217,9:31:07.847999868,K,68.73,2,68.98,2,R,21221601,A,,C,A,
20181217,9:31:07.848106192,K,68.72,3,68.98,2,R,21221701,A,,C,A,
20181217,9:31:07.851362981,Y,68.76,1,68.94,1,R,21221901,A,,C,A,
20181217,9:31:07.854964731,N,68.73,3,69.03,1,R,21222101,U,,C,A,
20181217,9:31:07.855002093,Y,68.76,1,69.03,1,R,21222201,A,,C,A,
20181217,9:31:07.855006311,T,68.75,2,68.91,1,R,21222301,A,,C,A,
20181217,9:31:07.855035636,Z,68.73,1,68.93,1,R,21222401,A,,C,A,
20181217,9:31:07.855112779,Z,68.73,1,68.84,1,R,21222501,U,,C,A,
20181217,9:31:07.855128181,Z,68.72,1,68.84,1,R,21222601,A,,C,A,
20181217,9:31:07.855132587,K,68.72,3,68.9,1,R,21222701,A,,C,A,
20181217,9:31:07.855162767,J,68.68,1,71.76,2,R,21222801,A,,C,A,
20181217,9:31:07.855197446,N,68.73,3,68.91,1,R,21222901,A,,C,A,
20181217,9:31:07.855201595,Y,68.64,3,69.03,1,R,21223001,U,,C,A,
20181217,9:31:07.855229433,Z,68.71,1,68.84,1,R,21223101,A,,C,A,
20181217,9:31:07.855243870,Z,68.61,1,68.84,1,R,21223201,A,,C,A,
20181217,9:31:07.855275487,N,68.73,3,69.03,1,R,21223301,A,,C,A,
20181217,9:31:07.855275487,Z,68.66,1,68.84,1,R,21223302,A,,C,A,
20181217,9:31:07.855280199,K,68.5,1,68.9,1,R,21223401,A,,C,A,
20181217,9:31:07.855312102,K,68.66,3,68.9,1,R,21223501,A,,C,A,
20181217,9:31:07.855312102,Z,68.65,1,68.84,1,R,21223502,A,,C,A,
20181217,9:31:07.855316470,K,68.5,1,68.9,1,R,21223601,A,,C,A,
20181217,9:31:07.855326108,Z,68.61,1,68.84,1,R,21223701,A,,C,A,
20181217,9:31:07.855349575,K,68.6,3,68.9,1,R,21223801,A,,C,A,
20181217,9:31:07.855361101,J,68.68,1,71.76,2,R,21223901,A,,C,A,
20181217,9:31:07.855388592,Z,68.62,1,68.84,1,R,21224001,A,,C,A,
20181217,9:31:07.855393042,Z,68.61,2,68.84,1,R,21224101,A,,C,A,
20181217,9:31:07.855405915,K,68.6,3,68.92,3,R,21224201,A,,C,A,
20181217,9:31:07.855405915,K,68.5,1,68.91,4,R,21224202,A,,C,A,
20181217,9:31:07.855434398,Z,68.61,1,68.84,1,R,21224301,A,,C,A,
20181217,9:31:07.855440739,K,68.61,3,68.91,4,R,21224401,A,,C,A,
20181217,9:31:07.855470011,K,68.5,1,68.91,4,R,21224501,A,,C,A,
20181217,9:31:07.855483017,K,68.6,2,68.91,4,R,21224601,A,,C,A,
20181217,9:31:07.855483017,K,68.6,2,68.92,3,R,21224602,A,,C,A,
20181217,9:31:07.855510056,K,68.5,1,68.92,3,R,21224701,A,,C,A,
20181217,9:31:07.855519578,K,68.5,1,68.91,6,R,21224801,A,,C,A,
20181217,9:31:07.855564534,K,68.6,2,68.91,6,R,21224901,A,,C,A,
20181217,9:31:07.855587822,K,68.6,7,68.91,6,R,21225001,A,,C,A,
20181217,9:31:07.855630598,K,68.59,3,68.92,3,R,21225101,A,,C,A,
20181217,9:31:07.855640129,K,68.5,1,68.91,3,R,21225201,A,,C,A,
20181217,9:31:07.855668929,K,68.6,3,68.91,3,R,21225301,A,,C,A,
20181217,9:31:07.855714918,K,68.6,3,68.92,3,R,21225401,A,,C,A,
20181217,9:31:07.855748744,K,68.58,3,68.92,3,R,21225501,A,,C,A,
20181217,9:31:07.855762890,K,68.51,4,68.92,3,R,21225601,A,,C,A,
20181217,9:31:07.855762890,K,68.51,4,68.91,6,R,21225602,A,,C,A,
20181217,9:31:07.855788429,K,68.59,2,68.91,6,R,21225701,A,,C,A,
20181217,9:31:07.855801505,K,68.6,6,68.91,6,R,21225801,A,,C,A,
20181217,9:31:07.855830661,K,68.59,2,68.92,3,R,21225901,A,,C,A,
20181217,9:31:07.855834945,K,68.58,3,68.92,3,R,21226001,A,,C,A,
20181217,9:31:07.855834945,K,68.51,4,68.92,3,R,21226002,A,,C,A,
20181217,9:31:07.855872914,K,68.51,4,68.91,3,R,21226101,A,,C,A,
20181217,9:31:07.855908610,K,68.6,5,68.91,3,R,21226201,A,,C,A,
20181217,9:31:07.855948572,K,68.59,4,68.92,3,R,21226301,A,,C,A,
20181217,9:31:07.855958045,K,68.51,4,68.92,3,R,21226401,A,,C,A,
20181217,9:31:07.855987491,K,68.51,4,68.91,3,R,21226501,A,,C,A,
20181217,9:31:07.856029143,K,68.6,2,68.91,3,R,21226601,A,,C,A,
20181217,9:31:07.856067772,K,68.51,4,68.92,3,R,21226701,A,,C,A,
20181217,9:31:07.856108487,K,68.51,4,68.91,2,R,21226801,A,,C,A,
20181217,9:31:07.856117534,K,68.59,3,68.91,2,R,21226901,A,,C,A,
20181217,9:31:07.856157375,K,68.6,3,68.91,2,R,21227001,A,,C,A,
20181217,9:31:07.856169869,T,68.75,2,68.83,1,R,21227101,G,,C,A,
20181217,9:31:07.856190260,K,68.51,4,68.92,3,R,21227201,A,,C,A,
20181217,9:31:07.856270617,K,68.51,4,68.91,5,R,21227301,A,,C,A,
20181217,9:31:07.856283446,K,68.6,3,68.91,5,R,21227401,A,,C,A,
20181217,9:31:07.856283446,K,68.51,4,68.91,5,R,21227402,A,,C,A,
20181217,9:31:07.856469916,N,68.73,3,69.03,1,R,21227501,A,,C,A,
20181217,9:31:07.856474093,Z,68.61,1,68.9,2,R,21227601,A,,C,A,
20181217,9:31:07.856506636,P,67.69,2,68.81,1,R,21227701,U,,C,A,
20181217,9:31:07.856550543,Z,68.61,1,68.9,1,R,21227801,A,,C,A,
20181217,9:31:07.856562820,T,68.75,1,68.83,1,R,21227901,U,,C,A,
20181217,9:31:07.856588843,T,67.91,9,68.83,1,R,21228001,U,,C,A,
20181217,9:31:07.856609125,T,67.91,9,68.81,1,R,21228101,A,,C,A,
20181217,9:31:07.856609125,T,67.91,9,68.81,2,R,21228102,U,,C,A,
20181217,9:31:07.856609125,T,67.91,9,68.77,1,R,21228103,U,,C,A,
20181217,9:31:07.856609125,Y,68.64,3,69.03,1,R,21228104,A,,C,A,
20181217,9:31:07.856630409,Z,68.61,1,68.81,1,R,21228201,A,,C,A,
20181217,9:31:07.856634856,Z,68.61,1,68.81,2,R,21228301,A,,C,A,
20181217,9:31:07.856638580,K,68.51,4,68.81,2,R,21228401,A,,C,A,
20181217,9:31:07.856641912,J,68.68,1,71.76,2,R,21228501,A,,C,A,
20181217,9:31:07.856651772,X,68.63,14,68.81,1,R,21228601,A,,C,A,
20181217,9:31:07.856669436,Z,68.61,1,68.81,1,R,21228701,A,,C,A,
20181217,9:31:07.856708609,K,68.51,4,68.81,2,R,21228801,A,,C,A,
20181217,9:31:07.856748001,K,68.51,4,68.81,1,R,21228901,A,,C,A,
20181217,9:31:07.856790434,N,68.72,2,69.03,1,R,21229001,U,,C,A,
20181217,9:31:07.856876853,N,68.72,2,69.03,1,R,21229101,A,,C,A,
20181217,9:31:07.856917050,T,68.65,1,68.77,1,R,21229201,A,,C,A,
20181217,9:31:07.857072641,Z,68.61,1,68.86,1,R,21229301,A,,C,A,
20181217,9:31:07.857117894,Z,68.61,1,68.82,1,R,21229401,A,,C,A,
20181217,9:31:07.857150523,Z,68.61,1,68.84,1,R,21229501,A,,C,A,
20181217,9:31:07.857239134,Z,68.61,1,68.82,1,R,21229601,A,,C,A,
20181217,9:31:07.857239134,Z,68.62,2,68.82,1,R,21229602,A,,C,A,
20181217,9:31:07.857314212,Z,68.62,2,68.81,1,R,21229701,A,,C,A,
20181217,9:31:07.857353745,K,68.51,4,68.81,4,R,21229801,A,,C,A,
20181217,9:31:07.857431947,Z,68.62,2,68.8,1,R,21229901,A,,C,A,
20181217,9:31:07.857473578,K,68.51,4,68.8,3,R,21230001,A,,C,A,
20181217,9:31:07.857512482,P,67.69,2,68.92,3,R,21230101,A,,C,A,
20181217,9:31:07.857545385,P,67.69,2,68.92,2,R,21230201,A,,C,A,
20181217,9:31:07.857639680,X,68.63,14,72.56,1,R,21230301,A,,C,A,
20181217,9:31:07.858150695,Z,68.62,2,68.8,1,R,21230401,A,,C,A,
20181217,9:31:07.858156627,Y,68.64,3,69.03,1,R,21230501,A,,C,A,
20181217,9:31:07.858208762,T,68.65,1,68.79,1,R,21230601,U,,C,A,
20181217,9:31:07.858214623,J,68.68,1,71.76,2,R,21230701,A,,C,A,
20181217,9:31:07.858239665,K,68.51,4,68.8,3,R,21230801,A,,C,A,
20181217,9:31:07.858253037,T,68.65,1,68.8,1,R,21230901,U,,C,A,
20181217,9:31:07.858253037,P,67.69,2,68.93,1,R,21230902,A,,C,A,
20181217,9:31:07.858253037,Z,68.62,2,68.81,1,R,21230903,A,,C,A,
20181217,9:31:07.858253037,K,68.51,4,68.81,3,R,21230904,U,,C,A,
20181217,9:31:07.858348479,Z,68.62,2,68.82,1,R,21231001,A,,C,A,
20181217,9:31:07.858354134,K,68.51,4,68.82,3,R,21231101,A,,C,A,
20181217,9:31:07.858431242,K,68.51,4,68.83,3,R,21231201,A,,C,A,
20181217,9:31:07.858444716,K,68.51,4,68.84,3,R,21231301,A,,C,A,
20181217,9:31:07.858448851,Z,68.62,2,68.83,1,R,21231401,A,,C,A,
20181217,9:31:07.858448851,Z,68.62,2,68.84,1,R,21231402,A,,C,A,
20181217,9:31:07.858511642,Z,68.62,2,68.86,1,R,21231501,A,,C,A,
20181217,9:31:07.858511642,K,68.51,4,68.86,3,R,21231502,A,,C,A,
20181217,9:31:07.858536819,X,68.63,14,68.83,1,R,21231601,A,,C,A,
20181217,9:31:07.858551097,Z,68.62,2,68.87,1,R,21231701,A,,C,A,
20181217,9:31:07.858590835,K,68.51,4,68.87,3,R,21231801,A,,C,A,
20181217,9:31:07.858629932,Z,68.62,2,68.88,1,R,21231901,A,,C,A,
20181217,9:31:07.858673561,K,68.51,4,68.88,2,R,21232001,A,,C,A,
20181217,9:31:07.858709669,Z,68.62,2,68.89,1,R,21232101,A,,C,A,
20181217,9:31:07.858755103,K,68.51,4,68.89,3,R,21232201,A,,C,A,
20181217,9:31:07.858790952,Z,68.62,2,68.9,1,R,21232301,A,,C,A,
20181217,9:31:07.858830891,K,68.51,4,68.9,3,R,21232401,A,,C,A,
20181217,9:31:07.858910457,Z,68.62,2,68.91,1,R,21232501,A,,C,A,
20181217,9:31:07.858919302,K,68.51,4,68.91,5,R,21232601,A,,C,A,
20181217,9:31:07.859278574,X,68.63,14,72.56,1,R,21232701,A,,C,A,
20181217,9:31:07.859550220,Z,68.62,2,68.86,2,R,21232801,A,,C,A,
20181217,9:31:07.859945144,P,67.69,2,68.8,1,R,21232901,A,,C,A,
20181217,9:31:07.859957984,X,68.64,1,72.56,1,R,21233001,A,,C,A,
20181217,9:31:07.860024570,P,67.69,2,68.8,2,R,21233101,U,,C,A,
20181217,9:31:07.860106500,P,67.69,2,68.8,3,R,21233201,U,,C,A,
20181217,9:31:07.860185410,P,67.69,2,68.8,4,R,21233301,U,,C,A,
20181217,9:31:07.861204781,T,68.65,1,68.8,2,R,21233401,A,,C,A,
20181217,9:31:07.873358907,M,68.67,5,0,0,R,21233601,A,,C,A,
20181217,9:31:07.886808519,Y,68.68,1,69.03,1,R,21234001,A,,C,A,
20181217,9:31:07.886822967,Y,68.68,1,68.87,1,R,21234101,A,,C,A,
20181217,9:31:07.891757624,P,67.67,1,68.8,4,R,21234201,A,,C,A,
20181217,9:31:07.892288186,Z,68.62,2,68.9,2,R,21234301,A,,C,A,
20181217,9:31:07.892300743,Z,68.61,1,68.9,2,R,21234401,A,,C,A,
20181217,9:31:07.892320579,Z,68.61,1,68.9,1,R,21234501,A,,C,A,
20181217,9:31:07.911890096,Z,68.61,1,68.91,1,R,21235501,A,,C,A,
20181217,9:31:07.912187483,N,68.72,2,69.15,1,R,21235601,A,,C,A,
20181217,9:31:07.913575724,V,0,0,0,0,R,21235701,A,,C,A,
20181217,9:31:07.935697277,Z,68.61,1,68.83,1,R,21236801,A,,C,A,
20181217,9:31:07.964717375,N,68.65,18,69.15,1,R,21236901,U,,C,A,
20181217,9:31:07.965157844,Y,68.64,3,68.87,1,R,21237001,A,,C,A,
20181217,9:31:07.965230105,Y,68.64,3,68.86,1,R,21237101,A,,C,A,
20181217,9:31:07.985359569,K,68.51,4,68.91,4,R,21239001,A,,C,A,
20181217,9:31:07.985482589,Y,68.66,1,68.86,1,R,21239101,A,,C,A,
20181217,9:31:07.994252234,J,66.31,1,71.76,2,R,21240501,U,,C,A,
20181217,9:31:07.994333897,Y,68.64,3,68.86,1,R,21240701,A,,C,A,
20181217,9:31:07.998508261,P,67.53,4,68.8,4,R,21241801,A,,C,A,
20181217,9:31:08.039538436,Y,68.65,1,68.86,1,R,21246001,A,,C,A,
20181217,9:31:08.039548737,Y,68.65,1,68.85,1,R,21246101,A,,C,A,
20181217,9:31:08.042699227,N,68.65,18,69.15,1,R,21246401,A,,C,A,
20181217,9:31:08.079750140,X,68.63,14,72.56,1,R,21247901,A,,C,A,
20181217,9:31:08.091966749,N,68.59,1,69.15,1,R,21248001,A,,C,A,
20181217,9:31:08.092440785,Y,68.65,1,71.76,1,R,21248201,A,,C,A,
20181217,9:31:08.092454974,Y,68.65,1,68.84,1,R,21248301,A,,C,A,
20181217,9:31:08.111115768,Z,68.61,1,68.83,2,R,21248701,A,,C,A,
20181217,9:31:08.111192919,Z,68.61,1,68.82,1,R,21248801,A,,C,A,
20181217,9:31:08.212310343,Y,68.65,1,68.8,1,R,21252201,A,,C,A,
20181217,9:31:08.212394103,Y,66.29,1,68.8,1,R,21252301,A,,C,A,
20181217,9:31:08.212399382,J,66.31,1,68.8,1,R,21252401,A,,C,A,
20181217,9:31:08.214032870,Y,66.29,1,68.8,1,R,21252801,A,,C,A,
20181217,9:31:08.214105536,Z,68.61,1,68.82,2,R,21252901,A,,C,A,
20181217,9:31:08.264617904,Y,68.63,1,68.8,1,R,21254901,A,,C,A,
20181217,9:31:08.270690704,Z,68.61,1,68.81,2,R,21255301,A,,C,A,
20181217,9:31:08.270703187,X,68.64,1,72.56,1,R,21255401,A,,C,A,
20181217,9:31:08.403003996,P,67.54,2,68.8,4,R,21259501,A,,C,A,
20181217,9:31:08.418254156,Z,68.61,1,68.81,1,R,21259801,A,,C,A,
20181217,9:31:08.494255717,Y,68.64,1,68.8,1,R,21263601,A,,C,A,
20181217,9:31:08.494271346,Y,68.64,1,68.8,2,R,21263701,A,,C,A,
20181217,9:31:08.494326707,K,68.5,1,68.91,4,R,21263801,A,,C,A,
20181217,9:31:08.572235211,K,68.5,4,68.91,4,R,21264901,A,,C,A,
20181217,9:31:08.651543399,N,68.59,19,69.15,1,R,21266601,A,,C,A,
20181217,9:31:08.726930781,T,68.65,1,68.79,1,R,21268001,U,,C,A,
20181217,9:31:08.726966011,Y,68.64,1,68.8,1,R,21268101,A,,C,A,
20181217,9:31:08.728928036,N,68.59,18,69.15,1,R,21268201,A,,C,A,
20181217,9:31:08.728993400,N,68.59,18,69.16,4,R,21268301,A,,C,A,
20181217,9:31:08.730645594,T,68.65,1,68.79,2,R,21268401,U,,C,A,
20181217,9:31:08.742257551,K,68.51,6,68.91,4,R,21268501,A,,C,A,
20181217,9:31:08.782146245,J,68.53,1,68.8,1,R,21269001,A,,C,A,
20181217,9:31:08.828957034,N,68.59,18,69,1,R,21272801,A,,C,A,
20181217,9:31:08.830398390,A,0,0,0,0,R,21273201,A,,C,A,
20181217,9:31:08.830431695,B,65.6,1,72.56,1,R,21273301,A,,C,A,
20181217,9:31:08.887100296,K,68.51,3,68.91,4,R,21274401,A,,C,A,
20181217,9:31:08.900065352,T,68.65,1,68.79,3,R,21274501,U,,C,A,
20181217,9:31:08.900104730,Y,68.64,1,68.8,2,R,21274601,A,,C,A,
20181217,9:31:08.941647305,C,65.6,1,72.56,1,R,21275101,A,,C,A,
20181217,9:31:09.004978786,M,0,0,0,0,R,21285301,U,,C,A,
20181217,9:31:09.005390630,B,65.6,1,72.56,1,R,21285401,A,,C,A,
20181217,9:31:09.005412559,B,65.6,1,72.56,1,R,21285501,A,,C,A,
20181217,9:31:09.064634478,Y,68.64,1,68.8,2,R,21287401,A,,C,A,
20181217,9:31:09.572004640,B,68.44,3,72.56,1,R,21310701,A,,C,A,
20181217,9:31:09.646465570,X,68.64,2,72.56,1,R,21314301,A,,C,A,
20181217,9:31:09.663301110,A,68.52,1,0,0,R,21314901,A,,C,A,
20181217,9:31:09.781708930,C,68.49,1,72.56,1,R,21317901,A,,C,A,
20181217,9:31:09.782109560,M,68.52,3,0,0,R,21318001,A,,C,A,
20181217,9:31:10.311041838,N,68.59,18,68.81,1,R,21348401,A,,C,A,
20181217,9:31:10.311480112,Y,68.64,1,68.79,1,R,21348501,A,,C,A,
20181217,9:31:10.311549940,Y,68.53,2,68.79,1,R,21348601,A,,C,A,
20181217,9:31:10.313484289,Y,68.53,2,68.79,1,R,21348701,A,,C,A,
20181217,9:31:10.856261188,Y,68.62,1,68.79,1,R,21370801,A,,C,A,
20181217,9:31:10.856326229,Z,68.61,1,68.79,1,R,21370901,A,,C,A,
20181217,9:31:10.856405605,Z,68.61,1,68.79,2,R,21371001,A,,C,A,
20181217,9:31:10.857982862,X,68.62,1,72.56,1,R,21371101,A,,C,A,
20181217,9:31:11.064110920,P,68.65,1,68.8,4,R,21376901,A,,C,A,
20181217,9:31:11.064685752,Y,68.63,1,68.79,1,R,21377001,A,,C,A,
20181217,9:31:11.071809806,X,68.64,2,72.56,1,R,21377101,A,,C,A,
20181217,9:31:11.120784578,N,68.65,1,68.81,1,R,21380201,A,,C,A,
20181217,9:31:11.121302242,Y,68.63,1,68.8,1,R,21380301,A,,C,A,
20181217,9:31:11.149752918,N,68.65,1,68.81,1,R,21380501,A,,C,A,
20181217,9:31:11.150191495,Y,68.64,1,68.8,1,R,21380601,A,,C,A,
20181217,9:31:12.671524666,Z,68.61,1,68.79,3,R,21446601,A,,C,A,
20181217,9:31:12.671607428,Y,68.53,2,68.8,1,R,21446701,A,,C,A,
20181217,9:31:12.673563916,K,68.51,3,68.91,4,R,21446801,A,,C,A,
20181217,9:31:12.673678679,K,68.53,3,68.91,4,R,21446901,A,,C,A,
20181217,9:31:12.673838811,K,68.54,4,68.91,4,R,21447001,A,,C,A,
20181217,9:31:12.673888070,X,68.62,1,72.56,1,R,21447101,A,,C,A,
20181217,9:31:12.690300965,K,68.55,2,68.91,4,R,21452701,A,,C,A,
20181217,9:31:12.690305043,Y,68.63,1,68.8,1,R,21452801,A,,C,A,
20181217,9:31:12.690408456,K,68.56,3,68.91,4,R,21453001,A,,C,A,
20181217,9:31:12.719901110,K,68.57,3,68.91,4,R,21453901,A,,C,A,
20181217,9:31:12.720015600,K,68.57,4,68.91,4,R,21454001,A,,C,A,
20181217,9:31:12.869592082,K,68.57,3,68.91,4,R,21461901,A,,C,A,
20181217,9:31:19.098142157,Y,68.63,1,68.8,1,R,22003101,A,,C,A,
20181217,9:31:20.565770211,P,68.71,1,68.8,4,R,22129301,U,,C,A,
20181217,9:31:20.565828839,Z,68.61,1,68.79,2,R,22129401,A,,C,A,
20181217,9:31:20.565852084,T,68.65,1,68.79,2,R,22129501,U,,C,A,
20181217,9:31:20.565852084,Y,68.63,1,68.8,1,R,22129502,A,,C,A,
20181217,9:31:20.565865880,P,68.71,1,68.81,1,R,22129601,A,,C,A,
20181217,9:31:20.565865880,Z,68.61,1,68.8,1,R,22129602,U,,C,A,
20181217,9:31:20.565865880,T,68.65,1,68.79,1,R,22129603,U,,C,A,
20181217,9:31:20.565865880,T,68.65,1,68.8,1,R,22129604,U,,C,A,
20181217,9:31:20.565896151,T,68.75,1,68.8,1,R,22129701,U,,C,A,
20181217,9:31:20.565900511,T,68.78,1,68.8,1,R,22129801,U,,C,A,
20181217,9:31:20.565929078,P,68.77,1,68.81,1,R,22129901,A,,C,A,
20181217,9:31:20.565929078,Z,68.61,1,68.8,1,R,22129902,A,,C,A,
20181217,9:31:20.565933552,Y,68.63,1,68.8,1,R,22130001,A,,C,A,
20181217,9:31:20.565937900,B,68.44,3,72.56,1,R,22130101,A,,C,A,
20181217,9:31:20.565950826,Y,68.64,1,68.8,1,R,22130201,A,,C,A,
20181217,9:31:20.565981310,J,68.53,1,68.8,1,R,22130301,U,,C,A,
20181217,9:31:20.565985674,K,68.57,3,68.91,4,R,22130401,A,,C,A,
20181217,9:31:20.566008642,Y,68.65,1,68.8,1,R,22130501,A,,C,A,
20181217,9:31:20.566023100,Y,68.65,1,68.8,1,R,22130601,A,,C,A,
20181217,9:31:20.566040947,Y,68.65,1,71.76,1,R,22130701,A,,C,A,
20181217,9:31:20.566040947,B,68.44,3,72.56,1,R,22130702,A,,C,A,
20181217,9:31:20.566044120,K,68.65,1,68.91,4,R,22130801,A,,C,A,
20181217,9:31:20.566054812,Y,68.65,1,71.76,1,R,22130901,A,,C,A,
20181217,9:31:20.566054812,Z,68.61,1,68.8,1,R,22130902,A,,C,A,
20181217,9:31:20.566054812,Z,68.74,1,68.8,1,R,22130903,A,,C,A,
20181217,9:31:20.566059229,J,68.53,1,68.8,1,R,22131001,A,,C,A,
20181217,9:31:20.566083619,Z,68.74,1,68.81,1,R,22131101,A,,C,A,
20181217,9:31:20.566087593,J,68.53,1,71.76,2,R,22131201,A,,C,A,
20181217,9:31:20.566089336,K,68.65,7,68.91,4,R,22131301,A,,C,A,
20181217,9:31:20.566120976,K,68.69,3,68.91,4,R,22131401,A,,C,A,
20181217,9:31:20.566162263,K,68.71,3,68.91,4,R,22131501,A,,C,A,
20181217,9:31:20.566196168,P,68.77,1,69.61,2,R,22131601,A,,C,A,
20181217,9:31:20.566200205,K,68.73,7,68.91,4,R,22131701,A,,C,A,
20181217,9:31:20.566211812,Z,68.74,1,68.83,1,R,22131801,A,,C,A,
20181217,9:31:20.566211812,P,68.77,1,69.61,1,R,22131802,A,,C,A,
20181217,9:31:20.566241964,Z,68.74,1,68.83,2,R,22131901,A,,C,A,
20181217,9:31:20.566251757,T,68.79,1,68.8,1,R,22132001,G,,C,A,
20181217,9:31:20.566255839,M,68.66,2,0,0,R,22132101,A,,C,A,
20181217,9:31:20.566274915,P,68.77,1,68.83,1,R,22132201,A,,C,A,
20181217,9:31:20.566283913,Z,68.74,1,68.83,1,R,22132301,A,,C,A,
20181217,9:31:20.566314032,B,68.44,3,72.56,1,R,22132401,A,,C,A,
20181217,9:31:20.566318052,T,68.79,2,68.8,1,R,22132501,G,,C,A,
20181217,9:31:20.566321535,J,68.53,1,71.76,2,R,22132601,A,,C,A,
20181217,9:31:20.566327243,Y,68.65,1,71.76,1,R,22132701,A,,C,A,
20181217,9:31:20.566349299,T,68.79,2,68.84,1,R,22132801,U,,C,A,
20181217,9:31:20.566349299,T,68.79,2,68.8,1,R,22132802,G,,C,A,
20181217,9:31:20.566349299,T,68.79,1,68.8,1,R,22132803,G,,C,A,
20181217,9:31:20.566349299,T,68.79,1,68.84,1,R,22132804,U,,C,A,
20181217,9:31:20.566364905,B,68.44,3,72.56,1,R,22132901,A,,C,A,
20181217,9:31:20.566395839,T,68.75,1,68.84,1,R,22133001,U,,C,A,
20181217,9:31:20.566410841,K,68.73,7,68.91,6,R,22133101,A,,C,A,
20181217,9:31:20.566418047,X,68.62,1,68.83,1,R,22133201,A,,C,A,
20181217,9:31:20.566423681,T,68.75,1,68.83,1,R,22133301,A,,C,A,
20181217,9:31:20.566423681,T,68.75,1,68.8,1,R,22133302,U,,C,A,
20181217,9:31:20.566423681,T,68.75,1,68.83,1,R,22133303,U,,C,A,
20181217,9:31:20.566458805,T,68.76,1,68.83,1,R,22133401,A,,C,A,
20181217,9:31:20.566462681,Y,68.65,1,71.76,1,R,22133501,A,,C,A,
20181217,9:31:20.566466194,K,68.73,7,68.94,4,R,22133601,A,,C,A,
20181217,9:31:20.566468054,X,68.76,1,68.83,1,R,22133701,A,,C,A,
20181217,9:31:20.566503017,K,68.73,7,69.05,3,R,22133801,A,,C,A,
20181217,9:31:20.566503017,Z,68.74,1,68.83,1,R,22133802,A,,C,A,
20181217,9:31:20.566508137,B,68.44,3,72.56,1,R,22133901,A,,C,A,
20181217,9:31:20.566526642,B,68.44,3,72.56,1,R,22134001,A,,C,A,
20181217,9:31:20.566564131,Z,68.74,2,68.83,1,R,22134101,A,,C,A,
20181217,9:31:20.566580071,T,68.76,1,68.78,1,R,22134201,U,,C,A,
20181217,9:31:20.566580071,Y,68.65,1,71.76,1,R,22134202,A,,C,A,
20181217,9:31:20.566584337,K,68.73,7,68.95,1,R,22134301,A,,C,A,
20181217,9:31:20.566584337,K,68.73,7,68.94,3,R,22134302,A,,C,A,
20181217,9:31:20.566612829,T,68.76,1,68.83,1,R,22134401,U,,C,A,
20181217,9:31:20.566612829,Z,68.74,2,68.83,1,R,22134402,A,,C,A,
20181217,9:31:20.566617026,K,68.73,7,68.96,4,R,22134501,A,,C,A,
20181217,9:31:20.566647705,K,68.73,7,69.05,3,R,22134601,A,,C,A,
20181217,9:31:20.566688004,T,68.77,1,68.83,1,R,22134701,A,,C,A,
20181217,9:31:20.566688004,K,68.73,7,69.05,3,R,22134702,A,,C,A,
20181217,9:31:20.566702798,Y,68.65,1,71.76,1,R,22134801,A,,C,A,
20181217,9:31:20.566702798,J,68.53,1,71.76,2,R,22134802,A,,C,A,
20181217,9:31:20.566733749,B,68.44,3,72.56,1,R,22134901,A,,C,A,
20181217,9:31:20.566733749,K,68.73,7,68.99,3,R,22134902,A,,C,A,
20181217,9:31:20.566738065,J,68.53,1,71.76,2,R,22135001,A,,C,A,
20181217,9:31:20.566765834,B,68.44,3,72.56,1,R,22135101,A,,C,A,
20181217,9:31:20.566765834,K,68.73,7,68.95,3,R,22135102,A,,C,A,
20181217,9:31:20.566802427,K,68.73,7,68.98,4,R,22135201,A,,C,A,
20181217,9:31:20.566844129,K,68.74,3,69.05,3,R,22135301,A,,C,A,
20181217,9:31:20.566884422,K,68.74,3,68.99,3,R,22135401,A,,C,A,
20181217,9:31:20.566884422,Z,68.75,2,68.83,1,R,22135402,A,,C,A,
20181217,9:31:20.566888453,K,68.75,2,68.98,6,R,22135501,A,,C,A,
20181217,9:31:20.566965224,K,68.75,2,68.99,3,R,22135601,A,,C,A,
20181217,9:31:20.566978086,K,68.75,2,69.05,3,R,22135701,A,,C,A,
20181217,9:31:20.566978086,K,68.76,3,69.05,3,R,22135702,A,,C,A,
20181217,9:31:20.567001111,K,68.76,3,69.01,4,R,22135801,A,,C,A,
20181217,9:31:20.567040993,K,68.76,3,68.99,6,R,22135901,A,,C,A,
20181217,9:31:20.567083972,K,68.76,3,69.02,3,R,22136001,A,,C,A,
20181217,9:31:20.567097108,K,68.76,3,69.05,3,R,22136101,A,,C,A,
20181217,9:31:20.567121356,K,68.76,3,69,4,R,22136201,A,,C,A,
20181217,9:31:20.567161260,K,68.76,3,68.98,3,R,22136301,A,,C,A,
20181217,9:31:20.567174700,K,68.76,3,69.05,3,R,22136401,A,,C,A,
20181217,9:31:20.567251465,Y,68.64,1,71.76,1,R,22136501,A,,C,A,
20181217,9:31:20.567638416,P,68.76,1,68.83,1,R,22136601,U,,C,A,
20181217,9:31:20.568059474,N,68.65,1,68.81,1,R,22136701,A,,C,A,
20181217,9:31:20.568291654,K,68.75,2,69.05,3,R,22136801,A,,C,A,
20181217,9:31:20.572663771,X,68.76,1,72.56,1,R,22136901,A,,C,A,
20181217,9:31:20.572678560,X,68.49,7,72.56,1,R,22137001,A,,C,A,
20181217,9:31:20.575566136,P,68.76,1,69.61,1,R,22137101,A,,C,A,
20181217,9:31:20.575572508,P,68.65,1,69.61,1,R,22137201,A,,C,A,
20181217,9:31:20.575898475,T,68.77,1,68.86,1,R,22137301,A,,C,A,
20181217,9:31:20.575939105,Y,68.64,1,68.85,1,R,22137401,A,,C,A,
20181217,9:31:20.576020060,K,68.74,3,69.05,3,R,22137501,A,,C,A,
20181217,9:31:20.576103114,Z,68.74,1,68.83,1,R,22137601,A,,C,A,
20181217,9:31:20.576170167,Z,68.73,1,68.83,1,R,22137701,A,,C,A,
20181217,9:31:20.576369005,Z,68.72,1,68.83,1,R,22137801,A,,C,A,
20181217,9:31:20.576369005,K,68.73,3,69.05,3,R,22137802,A,,C,A,
20181217,9:31:20.576527796,Z,68.71,1,68.83,1,R,22137901,A,,C,A,
20181217,9:31:20.576533833,T,68.77,1,69.37,1,R,22138001,A,,C,A,
20181217,9:31:20.576571807,K,68.71,3,69.05,3,R,22138101,A,,C,A,
20181217,9:31:20.577320567,P,68.66,1,69.61,1,R,22138201,A,,C,A,
20181217,9:31:20.577559333,P,68.66,1,69.47,2,R,22138301,A,,C,A,
20181217,9:31:20.579446300,Z,68.72,2,68.83,1,R,22138401,A,,C,A,
20181217,9:31:20.579533991,Y,68.64,1,71.76,1,R,22138501,A,,C,A,
20181217,9:31:20.588415034,Y,68.64,1,68.81,1,R,22139001,A,,C,A,
20181217,9:31:20.589939963,J,68.53,1,68.8,1,R,22139101,U,,C,A,
20181217,9:31:20.590054604,N,68.65,1,68.8,1,R,22139201,A,,C,A,
20181217,9:31:20.590497050,J,68.53,1,68.8,1,R,22139301,U,,C,A,
20181217,9:31:20.590543413,K,68.71,3,69.05,3,R,22139401,A,,C,A,
20181217,9:31:20.590618998,K,68.71,3,68.99,1,R,22139501,A,,C,A,
20181217,9:31:20.590618998,Z,68.72,2,68.78,1,R,22139502,U,,C,A,
20181217,9:31:20.590653011,K,68.71,3,68.91,1,R,22139601,A,,C,A,
20181217,9:31:20.590657383,P,68.66,1,68.87,1,R,22139701,A,,C,A,
20181217,9:31:20.590666033,C,68.49,1,68.87,1,R,22139801,A,,C,A,
20181217,9:31:20.590692564,Z,68.72,2,68.83,1,R,22139901,U,,C,A,
20181217,9:31:20.590708905,T,68.7,1,69.37,1,R,22140001,U,,C,A,
20181217,9:31:20.590733650,P,68.72,1,68.87,1,R,22140101,A,,C,A,
20181217,9:31:20.590737777,T,68.7,1,68.87,1,R,22140201,A,,C,A,
20181217,9:31:20.590776121,X,68.49,7,68.87,1,R,22140301,A,,C,A,
20181217,9:31:20.590783128,T,68.7,1,68.87,2,R,22140401,A,,C,A,
20181217,9:31:20.590783128,X,68.49,7,68.87,2,R,22140402,A,,C,A,
20181217,9:31:20.590783128,T,68.7,1,68.78,1,R,22140403,U,,C,A,
20181217,9:31:20.590783128,K,68.7,3,68.87,2,R,22140404,A,,C,A,
20181217,9:31:20.590823080,Y,68.64,1,68.81,1,R,22140501,A,,C,A,
20181217,9:31:20.590827246,J,68.77,1,68.8,1,R,22140601,U,,C,A,
20181217,9:31:20.590839156,T,68.7,1,68.87,2,R,22140701,U,,C,A,
20181217,9:31:20.590839156,T,68.72,1,68.87,2,R,22140702,A,,C,A,
20181217,9:31:20.590839156,T,68.72,2,68.87,2,R,22140703,A,,C,A,
20181217,9:31:20.590860002,Y,68.64,1,68.81,1,R,22140801,A,,C,A,
20181217,9:31:20.590860002,K,68.75,1,68.87,2,R,22140802,A,,C,A,
20181217,9:31:20.590877514,Z,68.74,1,68.83,1,R,22140901,A,,C,A,
20181217,9:31:20.590877514,Z,68.75,1,68.83,1,R,22140902,A,,C,A,
20181217,9:31:20.590877514,J,68.53,1,68.8,1,R,22140903,U,,C,A,
20181217,9:31:20.590882047,X,68.72,1,68.87,2,R,22141001,A,,C,A,
20181217,9:31:20.590984565,A,68.52,1,68.87,1,R,22141101,A,,C,A,
20181217,9:31:20.590984565,K,68.75,1,68.87,1,R,22141102,U,,C,A,
20181217,9:31:20.591017917,T,68.74,1,68.87,2,R,22141201,A,,C,A,
20181217,9:31:20.591054228,J,68.53,1,71.76,2,R,22141301,A,,C,A,
20181217,9:31:20.591066315,B,68.44,3,72.56,1,R,22141401,A,,C,A,
20181217,9:31:20.591095850,T,68.77,1,68.87,2,R,22141501,U,,C,A,
20181217,9:31:20.591101845,B,68.44,3,72.56,1,R,22141601,A,,C,A,
20181217,9:31:20.591131833,N,68.65,1,68.81,1,R,22141701,U,,C,A,
20181217,9:31:20.591173037,B,68.44,3,72.56,1,R,22141801,A,,C,A,
20181217,9:31:20.591211623,B,68.44,3,72.56,1,R,22141901,A,,C,A,
20181217,9:31:20.591222710,K,68.75,1,68.89,3,R,22142001,A,,C,A,
20181217,9:31:20.591255824,T,68.77,1,68.87,1,R,22142101,A,,C,A,
20181217,9:31:20.591295151,K,68.75,1,68.94,3,R,22142201,A,,C,A,
20181217,9:31:20.591414455,J,68.53,1,71.76,2,R,22142301,A,,C,A,
20181217,9:31:20.591733680,A,68.52,1,0,0,R,22142401,A,,C,A,
20181217,9:31:20.592256945,Z,68.76,2,68.83,1,R,22142501,A,,C,A,
20181217,9:31:20.592256945,K,68.75,1,68.96,3,R,22142502,A,,C,A,
20181217,9:31:20.592292515,Z,68.75,2,68.83,1,R,22142601,A,,C,A,
20181217,9:31:20.592332488,Z,68.76,2,68.83,1,R,22142701,A,,C,A,
20181217,9:31:20.592373745,Z,68.75,1,68.83,1,R,22142801,A,,C,A,
20181217,9:31:20.592390861,J,68.53,1,71.76,2,R,22142901,A,,C,A,
20181217,9:31:20.592390861,K,68.74,3,68.96,3,R,22142902,A,,C,A,
20181217,9:31:20.592395162,Y,68.64,1,68.81,1,R,22143001,U,,C,A,
20181217,9:31:20.592414357,Z,68.76,2,68.83,1,R,22143101,A,,C,A,
20181217,9:31:20.592427398,Z,68.75,1,68.83,1,R,22143201,A,,C,A,
20181217,9:31:20.592651836,Z,68.74,2,68.83,1,R,22143301,A,,C,A,
20181217,9:31:20.593206034,Z,68.74,1,68.83,1,R,22143401,A,,C,A,
20181217,9:31:20.593292682,Z,68.73,1,68.83,1,R,22143501,A,,C,A,
20181217,9:31:20.593301627,K,68.73,4,68.96,3,R,22143601,A,,C,A,
20181217,9:31:20.595185067,K,68.73,3,68.96,3,R,22143701,A,,C,A,
20181217,9:31:20.598548303,M,68.52,3,0,0,R,22143801,A,,C,A,
20181217,9:31:20.602349091,C,68.49,1,72.56,1,R,22144101,A,,C,A,
20181217,9:31:20.602470912,X,68.72,1,68.87,1,R,22144201,A,,C,A,
20181217,9:31:20.602483624,X,68.49,7,68.87,1,R,22144301,A,,C,A,
20181217,9:31:20.608824071,J,68.53,1,68.8,1,R,22144401,U,,C,A,
20181217,9:31:20.608904960,Y,68.67,1,68.81,1,R,22144501,A,,C,A,
20181217,9:31:20.609023596,J,68.53,1,68.8,1,R,22144601,A,,C,A,
20181217,9:31:20.609023596,Y,68.67,1,68.81,1,R,22144602,A,,C,A,
20181217,9:31:20.611224245,Z,68.73,1,68.91,1,R,22144701,A,,C,A,
20181217,9:31:20.611297977,Z,68.73,1,68.94,1,R,22144801,A,,C,A,
20181217,9:31:20.611337390,Z,68.73,1,68.95,1,R,22144901,A,,C,A,
20181217,9:31:20.611432941,K,68.73,3,69.05,3,R,22145001,A,,C,A,
20181217,9:31:20.612420888,Z,68.73,1,68.94,2,R,22145101,A,,C,A,
20181217,9:31:20.626835783,J,68.53,1,71.76,2,R,22145801,U,,C,A,
20181217,9:31:20.627958128,Y,68.67,1,68.8,1,R,22145901,U,,C,A,
20181217,9:31:20.644242518,Y,68.68,1,68.8,1,R,22147601,A,,C,A,
20181217,9:31:20.644359535,Y,68.68,1,68.8,1,R,22147701,A,,C,A,
20181217,9:31:20.644364089,J,68.67,1,71.76,2,R,22147801,A,,C,A,
20181217,9:31:20.658159838,Z,68.73,1,68.95,1,R,22148101,A,,C,A,
20181217,9:31:20.659915856,P,68.72,1,69.61,1,R,22148201,A,,C,A,
20181217,9:31:20.659946275,P,68.65,1,69.61,1,R,22148301,A,,C,A,
20181217,9:31:20.669053160,T,68.77,1,69.37,1,R,22148401,A,,C,A,
20181217,9:31:20.673402534,Z,68.72,1,68.95,1,R,22149001,A,,C,A,
20181217,9:31:20.673406889,T,68.77,1,68.8,1,R,22149101,A,,C,A,
20181217,9:31:20.673451701,K,68.72,4,69.05,3,R,22149201,A,,C,A,
20181217,9:31:20.673519857,Z,68.71,1,68.95,1,R,22149301,A,,C,A,
20181217,9:31:20.673519857,K,68.71,6,69.05,3,R,22149302,A,,C,A,
20181217,9:31:20.673598162,Z,68.69,1,68.95,1,R,22149401,A,,C,A,
20181217,9:31:20.673641044,Z,68.7,1,68.95,1,R,22149501,A,,C,A,
20181217,9:31:20.673645120,K,68.69,3,69.05,3,R,22149601,A,,C,A,
20181217,9:31:20.673677282,Z,68.69,1,68.95,1,R,22149701,A,,C,A,
20181217,9:31:20.790973089,X,68.49,7,72.56,1,R,22152701,A,,C,A,
20181217,9:31:20.811496840,Y,68.68,1,68.8,1,R,22152901,U,,C,A,
20181217,9:31:20.811501666,Z,68.67,1,68.95,1,R,22153001,A,,C,A,
20181217,9:31:20.811501666,T,68.7,1,68.8,1,R,22153002,U,,C,A,
20181217,9:31:20.811531833,J,68.53,1,71.76,2,R,22153101,A,,C,A,
20181217,9:31:20.811531833,Y,68.53,2,68.8,1,R,22153102,U,,C,A,
20181217,9:31:20.811540016,T,68.7,1,68.78,1,R,22153201,G,,C,A,
20181217,9:31:20.811549484,K,68.68,3,69.05,3,R,22153301,A,,C,A,
20181217,9:31:20.811589947,Z,68.68,1,68.95,1,R,22153401,A,,C,A,
20181217,9:31:20.811595433,Z,68.67,1,68.95,1,R,22153501,A,,C,A,
20181217,9:31:20.811595433,Z,68.64,1,68.95,1,R,22153502,A,,C,A,
20181217,9:31:20.811595433,K,68.67,3,69.05,3,R,22153503,A,,C,A,
20181217,9:31:20.811614484,Z,68.65,1,68.95,1,R,22153601,A,,C,A,
20181217,9:31:20.811642818,Z,68.66,1,68.95,1,R,22153701,A,,C,A,
20181217,9:31:20.811683352,Z,68.65,1,68.95,1,R,22153801,A,,C,A,
20181217,9:31:20.811688972,K,68.65,3,69.05,3,R,22153901,A,,C,A,
20181217,9:31:20.811726371,K,68.66,3,69.05,3,R,22154001,A,,C,A,
20181217,9:31:20.811726371,Z,68.66,1,68.95,1,R,22154002,A,,C,A,
20181217,9:31:20.811770104,Z,68.65,1,68.95,1,R,22154101,A,,C,A,
20181217,9:31:20.811804741,Z,68.66,1,68.95,1,R,22154201,A,,C,A,
20181217,9:31:20.811844533,Z,68.65,1,68.95,1,R,22154301,A,,C,A,
20181217,9:31:20.811884526,Z,68.66,1,68.95,1,R,22154401,A,,C,A,
20181217,9:31:20.811925800,Z,68.65,1,68.95,1,R,22154501,A,,C,A,
20181217,9:31:20.811971222,Z,68.66,1,68.95,1,R,22154601,A,,C,A,
20181217,9:31:20.811971222,Z,68.65,1,68.95,1,R,22154602,A,,C,A,
20181217,9:31:20.812091336,Z,68.66,1,68.95,1,R,22154701,A,,C,A,
20181217,9:31:20.812091336,Z,68.65,1,68.95,1,R,22154702,A,,C,A,
20181217,9:31:20.812895143,T,68.7,1,68.8,1,R,22154801,U,,C,A,
20181217,9:31:20.812923344,T,68.6,1,68.8,1,R,22154901,U,,C,A,
20181217,9:31:20.812930272,T,68.56,1,68.8,1,R,22155001,A,,C,A,
20181217,9:31:20.820010693,Y,68.63,1,68.8,1,R,22156901,U,,C,A,
20181217,9:31:20.820134891,K,68.65,3,69.05,3,R,22157101,U,,C,A,
20181217,9:31:20.820207467,Y,68.53,2,68.8,1,R,22157201,A,,C,A,
20181217,9:31:20.820983838,X,68.64,2,72.56,1,R,22157301,A,,C,A,
20181217,9:31:20.824223107,T,68.54,1,68.8,1,R,22157501,U,,C,A,
20181217,9:31:20.828463991,N,68.65,1,68.81,1,R,22157601,A,,C,A,
20181217,9:31:20.828981832,Z,68.64,1,68.95,1,R,22157701,A,,C,A,
20181217,9:31:20.828981832,K,68.58,3,69.05,3,R,22157702,U,,C,A,
20181217,9:31:20.829092417,K,68.61,3,69.05,3,R,22157801,A,,C,A,
20181217,9:31:20.829107094,K,68.62,3,69.05,3,R,22157901,A,,C,A,
20181217,9:31:20.829107094,Z,68.62,1,68.95,1,R,22157902,A,,C,A,
20181217,9:31:20.829130724,K,68.6,3,69.05,3,R,22158001,A,,C,A,
20181217,9:31:20.829135212,Z,68.61,1,68.95,1,R,22158101,A,,C,A,
20181217,9:31:20.829173641,K,68.61,1,69.05,3,R,22158201,A,,C,A,
20181217,9:31:20.829173641,Z,68.61,2,68.95,1,R,22158202,A,,C,A,
20181217,9:31:20.829178193,K,68.61,4,69.05,3,R,22158301,A,,C,A,
20181217,9:31:20.833988813,X,68.63,1,72.56,1,R,22158401,A,,C,A,
20181217,9:31:20.834777897,X,68.62,1,72.56,1,R,22158501,A,,C,A,
20181217,9:31:20.839897575,N,68.65,1,68.81,1,R,22159001,A,,C,A,
20181217,9:31:20.871403544,Y,68.63,1,68.8,1,R,22165401,U,,C,A,
20181217,9:31:20.871511156,Z,68.62,2,68.95,1,R,22165501,A,,C,A,
20181217,9:31:20.871511156,K,68.62,4,69.05,3,R,22165502,A,,C,A,
20181217,9:31:20.878317407,X,68.64,2,72.56,1,R,22167701,A,,C,A,
20181217,9:31:20.922376112,T,68.45,2,68.8,1,R,22170201,U,,C,A,
20181217,9:31:20.922392223,T,68.45,1,68.8,1,R,22170301,A,,C,A,
20181217,9:31:20.922482061,T,67.99,1,68.8,1,R,22170401,A,,C,A,
20181217,9:31:20.956856504,Z,68.62,1,68.95,1,R,22170801,A,,C,A,
20181217,9:31:23.583079096,T,67.99,2,68.8,1,R,22310901,A,,C,A,
20181217,9:31:23.583105328,T,67.99,3,68.8,1,R,22311001,A,,C,A,
20181217,9:31:29.070862243,T,68.65,1,68.8,1,R,22770901,A,,C,A,
20181217,9:31:29.070938032,K,68.63,3,69.05,3,R,22771001,A,,C,A,
20181217,9:31:29.070944077,Y,68.64,1,68.8,1,R,22771101,U,,C,A,
20181217,9:31:29.091314237,N,68.65,1,68.81,1,R,22771701,A,,C,A,
20181217,9:31:29.091867785,K,68.64,3,69.05,3,R,22771801,A,,C,A,
20181217,9:31:29.107555853,K,68.65,3,69.05,3,R,22773101,U,,C,A,
20181217,9:31:29.109955844,K,68.65,3,69.05,3,R,22773201,A,,C,A,
20181217,9:31:29.128362378,N,68.65,1,68.81,1,R,22775701,A,,C,A,
20181217,9:31:29.137795735,Z,68.62,1,68.86,1,R,22776901,A,,C,A,
20181217,9:31:29.140700325,K,68.64,3,69.05,3,R,22777601,U,,C,A,
20181217,9:31:30.028848267,N,68.65,1,68.81,1,R,22859201,A,,C,A,
20181217,9:31:31.373690767,T,68.65,2,68.8,1,R,22938401,U,,C,A,
20181217,9:31:32.130497956,N,68.65,1,68.81,1,R,22979801,A,,C,A,
20181217,9:31:32.159979377,N,68.65,1,68.81,1,R,22980001,A,,C,A,
20181217,9:31:32.816217739,K,68.63,3,69.05,3,R,23004001,A,,C,A,
20181217,9:31:32.824336786,Z,68.62,1,68.79,1,R,23029901,U,,C,A,
20181217,9:31:32.825455907,Y,68.53,2,68.8,1,R,23032601,A,,C,A,
20181217,9:31:32.895281237,T,68.65,2,68.92,1,R,23137201,A,,C,A,
20181217,9:31:32.897740072,T,68.65,2,69.37,1,R,23138201,A,,C,A,
20181217,9:31:32.897763430,T,68.65,2,69.05,1,R,23138301,A,,C,A,
20181217,9:31:32.897773551,T,68.65,2,69.05,2,R,23138401,A,,C,A,
20181217,9:31:32.898070291,T,68.65,2,69.05,1,R,23138601,A,,C,A,
20181217,9:31:32.976886442,T,68.65,2,68.79,1,R,23203401,A,,C,A,
20181217,9:31:33.097404742,Y,68.62,1,68.8,1,R,23260101,A,,C,A,
20181217,9:31:33.618863195,T,68.65,1,68.79,1,R,23381501,U,,C,A,
20181217,9:31:35.834353357,N,68.65,1,68.81,1,R,23570901,A,,C,A,
20181217,9:31:36.820785214,Y,68.63,1,68.8,1,R,23627901,A,,C,A,
20181217,9:31:44.127628406,P,68.65,1,68.79,1,R,24092701,U,,C,A,
20181217,9:31:44.128237735,Y,68.63,1,68.8,2,R,24092901,A,,C,A,
20181217,9:31:44.128352277,Y,68.53,2,68.8,2,R,24093002,A,,C,A,
20181217,9:31:44.128441039,K,68.33,1,69.05,3,R,24093301,A,,C,A,
20181217,9:31:44.128467235,K,68.62,2,69.05,3,R,24093401,A,,C,A,
20181217,9:31:44.128508244,Z,68.61,1,68.79,1,R,24093501,U,,C,A,
20181217,9:31:44.128551633,K,68.33,1,69.05,3,R,24093601,A,,C,A,
20181217,9:31:44.128596506,K,68.51,3,69.05,3,R,24093701,A,,C,A,
20181217,9:31:44.128596506,K,68.62,3,69.05,3,R,24093702,A,,C,A,
20181217,9:31:44.128601036,Z,68.62,2,68.79,1,R,24093801,A,,C,A,
20181217,9:31:44.128601036,Z,68.61,1,68.79,1,R,24093802,A,,C,A,
20181217,9:31:44.128627094,K,68.6,3,69.05,3,R,24093901,A,,C,A,
20181217,9:31:44.128633405,K,68.51,3,69.05,3,R,24094001,A,,C,A,
20181217,9:31:44.128715678,Z,68.62,1,68.79,1,R,24094101,A,,C,A,
20181217,9:31:44.128715678,Z,68.61,2,68.79,1,R,24094102,A,,C,A,
20181217,9:31:44.128719982,K,68.62,4,69.05,3,R,24094201,A,,C,A,
20181217,9:31:44.128719982,K,68.61,3,69.05,3,R,24094202,A,,C,A,
20181217,9:31:44.128747306,K,68.51,3,69.05,3,R,24094301,A,,C,A,
20181217,9:31:44.128835686,Z,68.62,2,68.79,1,R,24094401,A,,C,A,
20181217,9:31:44.128835686,Z,68.61,2,68.79,1,R,24094402,A,,C,A,
20181217,9:31:44.128839923,K,68.61,4,69.05,3,R,24094501,A,,C,A,
20181217,9:31:44.128839923,K,68.62,6,69.05,3,R,24094502,A,,C,A,
20181217,9:31:44.128866143,K,68.51,3,69.05,3,R,24094601,A,,C,A,
20181217,9:31:44.128909489,K,68.62,6,69.05,3,R,24094701,A,,C,A,
20181217,9:31:44.128909489,Z,68.62,2,68.79,1,R,24094702,A,,C,A,
20181217,9:31:44.128948144,Z,68.61,2,68.79,1,R,24094801,A,,C,A,
20181217,9:31:44.128959649,K,68.51,3,69.05,3,R,24094901,A,,C,A,
20181217,9:31:44.129034904,Z,68.62,1,68.79,1,R,24095001,A,,C,A,
20181217,9:31:44.129034904,Z,68.61,2,68.79,1,R,24095002,A,,C,A,
20181217,9:31:44.129038885,K,68.6,3,69.05,3,R,24095101,A,,C,A,
20181217,9:31:44.129038885,K,68.61,3,69.05,3,R,24095102,A,,C,A,
20181217,9:31:44.129067347,K,68.6,3,69.05,3,R,24095201,A,,C,A,
20181217,9:31:44.129078791,K,68.51,3,69.05,3,R,24095301,A,,C,A,
20181217,9:31:44.129109468,K,68.61,7,69.05,3,R,24095401,A,,C,A,
20181217,9:31:44.129109468,Z,68.62,2,68.79,1,R,24095402,A,,C,A,
20181217,9:31:44.129148023,K,68.51,3,69.05,3,R,24095501,A,,C,A,
20181217,9:31:44.129148023,Z,68.61,2,68.79,1,R,24095502,A,,C,A,
20181217,9:31:44.129185816,Z,68.62,1,68.79,1,R,24095601,A,,C,A,
20181217,9:31:44.129228552,Z,68.61,2,68.79,1,R,24095701,A,,C,A,
20181217,9:31:44.129228552,K,68.62,6,69.05,3,R,24095702,A,,C,A,
20181217,9:31:44.129261208,K,68.51,3,69.05,3,R,24095801,A,,C,A,
20181217,9:31:44.129266068,Z,68.62,1,68.79,1,R,24095901,A,,C,A,
20181217,9:31:44.129280510,Z,68.61,2,68.79,1,R,24096001,A,,C,A,
20181217,9:31:44.129303897,K,68.61,3,69.05,3,R,24096101,A,,C,A,
20181217,9:31:44.129348370,K,68.6,4,69.05,3,R,24096201,A,,C,A,
20181217,9:31:44.129354488,K,68.51,3,69.05,3,R,24096301,A,,C,A,
20181217,9:31:44.129439241,Z,68.62,2,68.79,1,R,24096401,A,,C,A,
20181217,9:31:44.129439241,Z,68.61,2,68.79,1,R,24096402,A,,C,A,
20181217,9:31:44.129439241,K,68.62,6,69.05,3,R,24096403,A,,C,A,
20181217,9:31:44.129465802,K,68.51,3,69.05,3,R,24096501,A,,C,A,
20181217,9:31:44.129506437,Z,68.62,2,68.79,1,R,24096601,A,,C,A,
20181217,9:31:44.129550553,Z,68.61,2,68.79,1,R,24096701,A,,C,A,
20181217,9:31:44.129550553,K,68.61,3,69.05,3,R,24096702,A,,C,A,
20181217,9:31:44.129564332,K,68.51,3,69.05,3,R,24096801,A,,C,A,
20181217,9:31:44.132999996,K,68.51,3,69.05,3,R,24096901,A,,C,A,
20181217,9:31:44.136161691,X,68.62,1,72.56,1,R,24097001,A,,C,A,
20181217,9:31:44.155329297,Y,68.63,1,68.8,2,R,24097301,A,,C,A,
20181217,9:31:44.155445770,K,68.62,2,69.05,3,R,24097501,A,,C,A,
20181217,9:31:44.162890923,X,68.64,2,72.56,1,R,24097701,A,,C,A,
20181217,9:31:44.162932361,K,68.63,3,69.05,3,R,24097801,A,,C,A,
20181217,9:31:44.204864423,K,68.64,3,69.05,3,R,24098501,A,,C,A,
20181217,9:31:48.862576958,Y,68.63,1,68.8,1,R,24399801,A,,C,A,
20181217,9:31:50.849772412,K,68.63,3,69.05,3,R,24516101,A,,C,A,
20181217,9:31:50.850008617,Y,68.63,1,68.8,2,R,24516802,A,,C,A,
20181217,9:31:50.855064435,N,68.65,1,68.81,1,R,24521801,A,,C,A,
20181217,9:31:50.855301959,N,68.58,3,68.81,1,R,24521901,A,,C,A,
20181217,9:31:50.855329848,P,67.6,1,68.79,1,R,24522001,A,,C,A,
20181217,9:31:50.855599309,Z,68.62,1,68.79,1,R,24522101,A,,C,A,
20181217,9:31:50.855776233,Y,68.53,2,68.8,2,R,24522201,A,,C,A,
20181217,9:31:50.855822089,K,68.63,3,68.73,1,R,24522301,U,,C,A,
20181217,9:31:50.855860062,K,68.62,2,68.73,1,R,24522401,A,,C,A,
20181217,9:31:50.855874762,P,67.6,1,68.69,1,R,24522501,U,,C,A,
20181217,9:31:50.855888007,C,68.49,1,68.76,1,R,24522601,A,,C,A,
20181217,9:31:50.855920591,Z,68.61,1,68.79,1,R,24522701,A,,C,A,
20181217,9:31:50.855920591,K,68.33,1,68.73,1,R,24522702,A,,C,A,
20181217,9:31:50.855953198,T,68.55,1,68.79,1,R,24522801,U,,C,A,
20181217,9:31:50.855959321,Z,68.61,1,68.76,1,R,24522901,A,,C,A,
20181217,9:31:50.855993914,T,68.55,1,68.76,1,R,24523001,A,,C,A,
20181217,9:31:50.855993914,T,68.55,1,68.69,1,R,24523002,A,,C,A,
20181217,9:31:50.855998502,Z,68.61,1,68.76,2,R,24523101,A,,C,A,
20181217,9:31:50.855998502,X,68.64,2,68.76,1,R,24523102,A,,C,A,
20181217,9:31:50.856009745,K,68.61,3,68.73,1,R,24523201,A,,C,A,
20181217,9:31:50.856015666,J,68.53,1,71.76,2,R,24523301,A,,C,A,
20181217,9:31:50.856015666,B,68.44,3,68.76,1,R,24523302,A,,C,A,
20181217,9:31:50.856015666,Z,68.6,1,68.76,2,R,24523303,A,,C,A,
20181217,9:31:50.856040511,M,68.52,3,68.78,2,R,24523401,A,,C,A,
20181217,9:31:50.856046535,Z,68.6,1,68.76,1,R,24523501,A,,C,A,
20181217,9:31:50.856046535,X,68.64,2,68.76,2,R,24523502,A,,C,A,
20181217,9:31:50.856046535,X,68.49,7,68.76,2,R,24523503,U,,C,A,
20181217,9:31:50.856098186,Z,68.43,3,68.76,1,R,24523701,A,,C,A,
20181217,9:31:50.856106599,K,68.61,3,68.73,1,R,24523801,A,,C,A,
20181217,9:31:50.856119301,Y,68.53,2,68.8,2,R,24523901,A,,C,A,
20181217,9:31:50.856119301,Y,68.53,2,68.76,1,R,24523902,A,,C,A,
20181217,9:31:50.856147779,K,68.6,3,68.73,1,R,24524001,U,,C,A,
20181217,9:31:50.856152079,T,67.99,1,68.69,1,R,24524101,A,,C,A,
20181217,9:31:50.856159968,T,68.36,1,68.69,1,R,24524201,A,,C,A,
20181217,9:31:50.856188687,T,68.36,2,68.69,1,R,24524301,A,,C,A,
20181217,9:31:50.856232429,T,68.36,1,68.69,1,R,24524501,A,,C,A,
20181217,9:31:50.856236396,A,68.52,1,68.76,1,R,24524601,A,,C,A,
20181217,9:31:50.856248967,Z,68.44,1,68.76,1,R,24524701,A,,C,A,
20181217,9:31:50.856269932,Z,68.44,1,68.75,1,R,24524801,A,,C,A,
20181217,9:31:50.856305110,Z,68.54,1,68.75,1,R,24524902,A,,C,A,
20181217,9:31:50.856309727,Y,68.53,2,68.8,2,R,24525001,A,,C,A,
20181217,9:31:50.856337711,C,68.49,1,72.56,1,R,24525101,A,,C,A,
20181217,9:31:50.856455330,B,68.44,3,72.56,1,R,24525201,A,,C,A,
20181217,9:31:50.856459386,X,68.49,7,68.76,1,R,24525301,A,,C,A,
20181217,9:31:50.856671151,K,68.51,2,68.73,1,R,24525501,U,,C,A,
20181217,9:31:50.856671151,A,68.52,1,0,0,R,24525504,A,,C,A,
20181217,9:31:50.857021820,Z,68.54,1,68.75,1,R,24525601,A,,C,A,
20181217,9:31:50.857036254,Y,68.53,2,68.8,2,R,24525701,A,,C,A,
20181217,9:31:50.857043896,J,68.53,1,71.76,2,R,24525801,A,,C,A,
20181217,9:31:50.857043896,T,68.36,1,68.72,1,R,24525802,A,,C,A,
20181217,9:31:50.857061712,T,68.36,1,68.76,1,R,24525901,A,,C,A,
20181217,9:31:50.857076614,K,68.51,2,68.73,1,R,24526001,A,,C,A,
20181217,9:31:50.857687730,P,67.6,1,68.76,1,R,24526101,U,,C,A,
20181217,9:31:50.857742100,P,67.6,1,68.79,1,R,24526201,A,,C,A,
20181217,9:31:50.858194326,Z,68.54,1,68.76,1,R,24526501,A,,C,A,
20181217,9:31:50.858339932,Z,68.54,1,68.77,1,R,24526601,A,,C,A,
20181217,9:31:50.858437060,Z,68.54,1,68.79,2,R,24526701,A,,C,A,
20181217,9:31:50.858691732,P,67.61,2,68.79,1,R,24526901,A,,C,A,
20181217,9:31:50.858698469,P,67.61,4,68.79,1,R,24527001,A,,C,A,
20181217,9:31:50.858721315,P,67.61,4,68.78,2,R,24527101,A,,C,A,
20181217,9:31:50.858793220,K,68.51,2,68.79,2,R,24527201,U,,C,A,
20181217,9:31:50.858850441,Y,68.53,2,68.8,2,R,24527301,A,,C,A,
20181217,9:31:50.858866070,K,68.51,2,68.8,3,R,24527401,A,,C,A,
20181217,9:31:50.861814206,P,67.61,4,68.79,1,R,24527601,A,,C,A,
20181217,9:31:50.861828386,Y,68.58,1,68.8,2,R,24527701,A,,C,A,
20181217,9:31:50.861935185,Z,68.54,2,68.79,2,R,24527801,A,,C,A,
20181217,9:31:50.876269600,T,68.36,1,68.79,1,R,24528501,A,,C,A,
20181217,9:31:50.877955706,M,68.52,3,0,0,R,24528601,A,,C,A,
20181217,9:31:50.881663484,Z,68.55,2,68.79,2,R,24530101,A,,C,A,
20181217,9:31:50.881670312,Y,68.58,1,68.79,1,R,24530201,A,,C,A,
20181217,9:31:50.882944563,T,68.4,1,68.79,1,R,24530901,A,,C,A,
20181217,9:31:50.891297066,P,67.61,2,68.79,1,R,24531301,A,,C,A,
20181217,9:31:50.894273576,T,68.4,1,68.86,1,R,24531701,A,,C,A,
20181217,9:31:50.917436517,T,68.4,1,68.95,1,R,24533201,A,,C,A,
20181217,9:31:50.917475285,T,68.4,1,68.93,1,R,24533301,A,,C,A,
20181217,9:31:50.917639220,T,68.4,1,69.37,1,R,24533401,A,,C,A,
20181217,9:31:50.941693812,N,68.51,17,68.81,1,R,24536101,U,,C,A,
20181217,9:31:50.981817958,Z,68.54,2,68.79,2,R,24537801,A,,C,A,
20181217,9:31:50.981846326,T,68.17,2,69.37,1,R,24537901,A,,C,A,
20181217,9:31:50.981846326,Y,68.53,2,68.79,1,R,24537902,U,,C,A,
20181217,9:31:50.981850951,T,68.17,1,69.37,1,R,24538001,A,,C,A,
20181217,9:31:50.981862037,Y,68.53,2,68.79,1,R,24538101,A,,C,A,
20181217,9:31:50.981940234,Z,68.54,1,68.79,2,R,24538201,U,,C,A,
20181217,9:31:50.981944400,Y,68.53,2,68.79,1,R,24538301,A,,C,A,
20181217,9:31:50.981977055,T,68.17,1,69,1,R,24538401,A,,C,A,
20181217,9:31:50.983421765,J,66.31,1,71.76,2,R,24538501,A,,C,A,
20181217,9:31:50.985662249,Y,66.29,1,68.79,1,R,24538701,A,,C,A,
20181217,9:31:50.989470372,T,67.99,1,69,1,R,24538801,A,,C,A,
20181217,9:31:51.004468612,Z,68.54,1,68.76,1,R,24540901,A,,C,A,
20181217,9:31:51.004631739,Y,68.54,1,68.78,1,R,24541001,A,,C,A,
20181217,9:31:51.011882198,X,68.49,7,72.56,1,R,24541201,U,,C,A,
20181217,9:31:51.012438813,Y,68.54,1,68.78,1,R,24541301,A,,C,A,
20181217,9:31:51.012443056,N,68.51,17,68.81,1,R,24541401,A,,C,A,
20181217,9:31:51.012455237,N,68.51,17,68.81,1,R,24541501,A,,C,A,
20181217,9:31:51.094904989,T,68.29,1,69,1,R,24543701,A,,C,A,
20181217,9:31:51.572420400,Y,68.54,1,68.76,1,R,24558201,A,,C,A,
20181217,9:31:51.781815263,C,65.6,1,72.56,1,R,24567101,A,,C,A,
20181217,9:31:51.782248177,M,0,0,0,0,R,24567201,A,,C,A,
20181217,9:31:51.782288172,X,65.6,1,72.56,1,R,24567301,A,,C,A,
20181217,9:31:51.966265558,Y,68.54,1,68.76,2,R,24571401,U,,C,A,
20181217,9:31:51.966905733,V,0,0,68.76,1,R,24571501,A,,C,A,
20181217,9:31:51.992073173,J,68.42,1,71.76,2,R,24572501,A,,C,A,
20181217,9:31:51.992278748,A,0,0,0,0,R,24572601,A,,C,A,
20181217,9:31:51.992309790,B,65.6,1,72.56,1,R,24572701,A,,C,A,
20181217,9:31:52.621797138,C,68.38,1,72.56,1,R,24615101,A,,C,A,
20181217,9:31:52.622084289,M,68.42,3,0,0,R,24615201,A,,C,A,
20181217,9:31:52.832397103,B,68.33,3,72.56,1,R,24623101,A,,C,A,
20181217,9:31:52.832433682,X,68.38,7,72.56,1,R,24623201,A,,C,A,
20181217,9:31:53.041986792,A,68.42,1,0,0,R,24635501,A,,C,A,
20181217,9:31:53.897299997,T,68.29,1,69.05,1,R,24695401,A,,C,A,
20181217,9:31:53.897304664,T,68.29,1,69.07,1,R,24695501,A,,C,A,
20181217,9:31:53.897446726,T,68.29,1,69.37,1,R,24695601,A,,C,A,
20181217,9:31:53.897481475,T,68.29,1,69.12,1,R,24695701,A,,C,A,
20181217,9:31:53.897522733,T,68.29,1,69.12,2,R,24695801,A,,C,A,
20181217,9:31:53.897562214,T,68.29,1,69.12,1,R,24695901,A,,C,A,
20181217,9:31:54.879419389,T,68.29,1,69.37,1,R,24746501,A,,C,A,
20181217,9:31:54.879453168,Y,68.54,1,68.76,2,R,24746601,A,,C,A,
20181217,9:31:55.981946951,N,68.47,3,68.81,1,R,24786701,A,,C,A,
20181217,9:31:55.982495052,K,68.5,2,68.8,3,R,24786801,A,,C,A,
20181217,9:31:56.535282462,X,68.38,7,68.75,1,R,24805601,U,,C,A,
20181217,9:31:56.538724156,N,68.47,3,68.81,1,R,24805701,A,,C,A,
20181217,9:31:56.538746159,N,68.47,3,68.81,1,R,24805801,A,,C,A,
20181217,9:31:56.538872691,Y,68.54,1,68.76,2,R,24805901,A,,C,A,
20181217,9:31:56.551110871,Z,68.54,1,68.79,2,R,24806001,U,,C,A,
20181217,9:31:56.551237489,Y,68.54,1,68.76,2,R,24806101,U,,C,A,
20181217,9:31:56.579016349,B,68.33,3,72.56,1,R,24806601,A,,C,A,
20181217,9:31:56.622013209,Z,68.54,1,68.75,1,R,24806901,U,,C,A,
20181217,9:31:56.622065509,Y,68.54,1,68.76,2,R,24807001,U,,C,A,
20181217,9:31:56.622175310,Y,68.54,1,68.75,1,R,24807101,A,,C,A,
20181217,9:31:56.629398172,T,68.34,1,69.37,1,R,24807501,A,,C,A,
20181217,9:31:56.629412391,T,68.34,2,69.37,1,R,24807601,A,,C,A,
20181217,9:31:56.658998809,Y,68.54,1,68.75,1,R,24808501,A,,C,A,
20181217,9:31:56.659039061,N,68.47,3,68.81,1,R,24808601,A,,C,A,
20181217,9:31:58.747826724,M,68.55,2,0,0,R,24913701,U,,C,A,
20181217,9:31:58.748186803,B,68.33,3,72.56,1,R,24913801,A,,C,A,
20181217,9:31:58.748503055,P,67.62,2,68.79,1,R,24914201,A,,C,A,
20181217,9:31:58.748760167,N,68.48,17,68.81,1,R,24914401,A,,C,A,
20181217,9:31:58.770884320,M,68.42,3,0,0,R,24916501,U,,C,A,
20181217,9:31:58.921555869,P,67.6,1,68.79,1,R,24926201,A,,C,A,
20181217,9:31:59.341657634,P,67.61,2,68.79,1,R,24937001,A,,C,A,
20181217,9:31:59.879284128,Y,68.43,2,68.75,1,R,24989101,A,,C,A,
20181217,9:32:00.008560310,Y,68.51,1,68.75,1,R,25017101,A,,C,A,
20181217,9:32:00.008915502,Y,68.51,1,68.75,1,R,25017601,A,,C,A,
20181217,9:32:00.009031582,K,68.51,6,68.8,3,R,25018001,A,,C,A,
20181217,9:32:00.033042873,M,0,0,0,0,R,25027301,A,,C,A,
20181217,9:32:00.096147865,K,68.51,3,68.8,3,R,25053601,A,,C,A,
20181217,9:32:00.096262708,Y,68.53,1,68.75,1,R,25053701,A,,C,A,
20181217,9:32:00.182095162,B,68.33,3,68.96,3,R,25091301,A,,C,A,
20181217,9:32:00.392490601,C,68.38,1,68.91,2,R,25131101,A,,C,A,
20181217,9:32:00.392601138,J,68.42,1,68.87,1,R,25131201,A,,C,A,
20181217,9:32:00.392798302,A,68.42,1,68.87,1,R,25131301,A,,C,A,
20181217,9:32:01.005488254,T,68.34,1,69.37,1,R,25210801,A,,C,A,
20181217,9:32:01.784131328,Z,68.55,1,68.75,1,R,25270101,U,,C,A,
20181217,9:32:01.784255228,Y,68.43,2,68.75,1,R,25270201,A,,C,A,
20181217,9:32:01.784532831,B,68.33,3,68.96,3,R,25270301,A,,C,A,
20181217,9:32:01.784567425,B,68.33,3,68.96,3,R,25270401,A,,C,A,
20181217,9:32:01.785300006,T,68.35,1,69.37,1,R,25270601,A,,C,A,
20181217,9:32:01.799583131,Y,68.52,1,68.75,1,R,25272101,A,,C,A,
20181217,9:32:01.844878012,Y,68.52,1,68.75,1,R,25273801,A,,C,A,
20181217,9:32:01.844882704,N,68.48,17,68.81,1,R,25273901,A,,C,A,
20181217,9:32:01.894739248,Y,68.53,1,68.75,1,R,25275001,A,,C,A,
20181217,9:32:03.555599308,K,68.51,3,68.75,1,R,25445001,A,,C,A,
20181217,9:32:03.562918201,N,68.48,17,68.82,6,R,25445701,A,,C,A,
20181217,9:32:03.563549824,V,0,0,0,0,R,25445801,A,,C,A,
20181217,9:32:03.751581126,N,68.47,3,68.82,6,R,25460301,A,,C,A,
20181217,9:32:05.084622690,N,68.55,1,68.82,6,R,25561901,A,,C,A,
20181217,9:32:05.085373407,Y,68.54,1,68.75,1,R,25562001,A,,C,A,
20181217,9:32:05.580894689,M,68.56,2,0,0,R,25600101,U,,C,A,
20181217,9:32:05.581218047,B,68.33,3,68.96,3,R,25600301,A,,C,A,
20181217,9:32:05.581246408,B,68.33,3,68.96,3,R,25600401,A,,C,A,
20181217,9:32:05.581372306,P,67.62,2,68.79,1,R,25600501,A,,C,A,
20181217,9:32:05.586618868,K,68.51,3,68.79,3,R,25601801,A,,C,A,
20181217,9:32:05.586726804,K,68.51,3,68.8,3,R,25601901,A,,C,A,
20181217,9:32:05.586802577,K,68.51,3,68.81,2,R,25602001,A,,C,A,
20181217,9:32:05.586886277,K,68.51,3,71.76,1,R,25602101,A,,C,A,
20181217,9:32:05.586973955,Y,68.43,2,68.75,1,R,25602201,A,,C,A,
20181217,9:32:05.586990821,Y,68.55,1,68.75,1,R,25602301,A,,C,A,
20181217,9:32:05.587061167,Y,68.55,1,68.75,1,R,25602501,A,,C,A,
20181217,9:32:05.587083430,Z,68.55,2,68.75,1,R,25602601,A,,C,A,
20181217,9:32:05.587095791,J,68.42,1,68.87,1,R,25602701,A,,C,A,
20181217,9:32:05.587167613,Y,68.55,2,68.75,1,R,25602801,A,,C,A,
20181217,9:32:05.587688560,Y,68.55,2,68.75,2,R,25602901,U,,C,A,
20181217,9:32:05.599857141,Z,68.55,1,68.75,1,R,25603301,A,,C,A,
20181217,9:32:05.599970559,P,68.56,1,68.79,1,R,25603401,A,,C,A,
20181217,9:32:05.600499422,Y,68.55,1,68.75,2,R,25603501,A,,C,A,
20181217,9:32:05.600810418,Z,68.54,2,68.75,1,R,25603601,A,,C,A,
20181217,9:32:05.600889806,Y,68.54,1,68.75,2,R,25603701,A,,C,A,
20181217,9:32:05.602379108,T,68.37,1,69.37,1,R,25604001,A,,C,A,
20181217,9:32:05.618547045,M,0,0,0,0,R,25606701,U,,C,A,
20181217,9:32:05.639875706,X,68.38,7,68.91,9,R,25609201,A,,C,A,
20181217,9:32:05.672357200,Z,68.55,2,68.75,1,R,25610001,A,,C,A,
20181217,9:32:05.672361637,Y,68.55,1,68.75,2,R,25610101,A,,C,A,
20181217,9:32:05.763753989,Z,68.55,1,68.75,1,R,25621901,A,,C,A,
20181217,9:32:07.811547867,N,68.55,1,68.75,1,R,25800301,A,,C,A,
20181217,9:32:07.863268669,Y,68.56,1,68.75,2,R,25802601,A,,C,A,
20181217,9:32:07.863354513,Y,68.56,1,68.75,2,R,25802701,A,,C,A,
20181217,9:32:07.863397412,J,68.55,1,68.87,1,R,25802801,A,,C,A,
20181217,9:32:07.868483924,T,68.37,1,68.79,1,R,25803101,A,,C,A,
20181217,9:32:07.868483924,T,68.37,1,68.79,2,R,25803102,A,,C,A,
20181217,9:32:07.939827438,M,68.57,2,0,0,R,25819001,U,,C,A,
20181217,9:32:07.939889899,M,68.57,2,68.74,2,R,25819101,G,,C,A,
20181217,9:32:07.940139540,B,68.33,3,68.96,3,R,25819201,A,,C,A,
20181217,9:32:07.940170383,B,68.33,3,68.96,3,R,25819301,A,,C,A,
20181217,9:32:07.961749819,M,0,0,68.74,2,R,25821401,U,,C,A,
20181217,9:32:07.961859171,M,0,0,0,0,R,25821501,U,,C,A,
20181217,9:32:08.042886118,Z,68.55,1,68.79,1,R,25836701,A,,C,A,
20181217,9:32:08.042971774,Y,68.56,2,68.75,2,R,25836801,G,,C,A,
20181217,9:32:08.043536160,T,68.37,1,68.79,1,R,25837301,A,,C,A,
20181217,9:32:08.111987528,Z,68.55,1,68.74,1,R,25868301,U,,C,A,
20181217,9:32:08.112021831,P,67.6,1,68.79,1,R,25868401,A,,C,A,
20181217,9:32:08.112037631,Y,68.56,1,68.75,2,R,25868501,U,,C,A,
20181217,9:32:08.112066285,Y,68.56,1,68.75,1,R,25868601,A,,C,A,
20181217,9:32:08.112787293,Z,68.57,1,68.74,1,R,25868701,G,,C,A,
20181217,9:32:08.112909085,Y,68.55,1,68.75,1,R,25868801,A,,C,A,
20181217,9:32:08.113063677,P,67.61,2,68.79,1,R,25868901,A,,C,A,
20181217,9:32:08.113197097,B,68.33,3,68.96,3,R,25869001,A,,C,A,
20181217,9:32:08.113227383,B,68.33,3,68.96,3,R,25869101,A,,C,A,
20181217,9:32:08.119599638,Y,68.55,2,68.75,1,R,25869501,A,,C,A,
20181217,9:32:08.119611637,Y,68.55,2,68.75,2,R,25869601,A,,C,A,
20181217,9:32:08.164491416,Y,68.55,1,68.75,2,R,25872801,A,,C,A,
20181217,9:32:08.164508049,Y,68.56,1,68.75,2,R,25872901,A,,C,A,
20181217,9:32:08.217751438,T,68.3,1,68.79,1,R,25879601,A,,C,A,
20181217,9:32:08.229960828,T,67.99,1,68.79,1,R,25881002,A,,C,A,
20181217,9:32:08.229990919,T,68.25,1,68.79,1,R,25881101,A,,C,A,
20181217,9:32:08.230009742,T,68.25,2,68.79,1,R,25881201,A,,C,A,
20181217,9:32:08.230352319,T,68.25,1,68.79,1,R,25881401,A,,C,A,
20181217,9:32:08.456545937,Y,68.57,1,68.75,2,R,25906101,A,,C,A,
20181217,9:32:08.456778406,Z,68.58,1,68.74,1,R,25906201,G,,C,A,
20181217,9:32:08.456859314,Y,68.55,1,68.75,2,R,25906401,A,,C,A,
20181217,9:32:08.456906299,Y,68.55,1,68.74,1,R,25906501,A,,C,A,
20181217,9:32:08.457144681,B,68.33,3,68.96,3,R,25906601,A,,C,A,
20181217,9:32:08.457148835,T,67.99,1,68.79,1,R,25906701,A,,C,A,
20181217,9:32:08.457183367,T,67.99,1,69.37,1,R,25906801,A,,C,A,
20181217,9:32:08.457183367,B,68.33,3,68.96,3,R,25906802,A,,C,A,
20181217,9:32:08.528456243,Y,68.57,1,68.74,1,R,25915301,A,,C,A,
20181217,9:32:09.010978574,N,68.55,1,68.75,1,R,25942301,A,,C,A,
20181217,9:32:10.682069941,Y,68.57,1,68.75,1,R,26080701,A,,C,A,
20181217,9:32:12.555647913,N,68.58,1,68.75,1,R,26216701,A,,C,A,
20181217,9:32:12.556353907,Z,68.59,1,68.74,1,R,26216801,G,,C,A,
20181217,9:32:12.556487871,Y,68.55,1,68.75,1,R,26216901,A,,C,A,
20181217,9:32:12.556761172,B,68.33,3,68.96,3,R,26217001,A,,C,A,
20181217,9:32:12.556798213,B,68.33,3,68.96,3,R,26217101,A,,C,A,
20181217,9:32:12.556964867,A,0,0,68.87,1,R,26217201,A,,C,A,
20181217,9:32:12.557604014,T,68.4,1,69.37,1,R,26217301,A,,C,A,
20181217,9:32:12.670405103,Y,68.57,1,68.75,1,R,26219601,A,,C,A,
20181217,9:32:13.621954812,A,68.47,1,68.87,1,R,26295201,A,,C,A,
20181217,9:32:16.982326421,X,65.6,1,68.91,9,R,26534501,A,,C,A,
20181217,9:32:17.611534477,C,65.6,1,68.91,2,R,26577201,A,,C,A,
20181217,9:32:17.822233888,Y,68.55,1,68.75,1,R,26590001,A,,C,A,
20181217,9:32:17.822249002,Y,68.58,1,68.75,1,R,26590101,A,,C,A,
20181217,9:32:18.032235397,X,68.43,7,68.91,9,R,26592301,A,,C,A,
20181217,9:32:18.451448451,C,68.43,1,68.91,2,R,26604701,A,,C,A,
20181217,9:32:19.501450953,P,67.6,1,68.79,1,R,26634801,A,,C,A,
20181217,9:32:20.023221920,P,67.61,2,68.79,1,R,26672101,A,,C,A,
20181217,9:32:20.064888024,N,68.59,1,68.75,1,R,26674801,A,,C,A,
20181217,9:32:20.065401268,Y,68.55,1,68.75,1,R,26674901,A,,C,A,
20181217,9:32:20.065554437,Z,68.57,1,68.74,1,R,26675001,U,,C,A,
20181217,9:32:20.065834775,K,68.59,1,71.76,1,R,26675101,A,,C,A,
20181217,9:32:20.070566073,T,67.99,1,69.37,1,R,26675201,A,,C,A,
20181217,9:32:20.070635953,T,67.99,1,68.91,1,R,26675301,A,,C,A,
20181217,9:32:20.121586031,N,68.59,2,68.75,1,R,26677901,U,,C,A,
20181217,9:32:20.122224028,K,68.58,3,71.76,1,R,26678101,A,,C,A,
20181217,9:32:20.122292248,Y,68.55,1,68.75,2,R,26678301,A,,C,A,
20181217,9:32:20.122414376,Z,68.6,1,68.74,1,R,26678401,G,,C,A,
20181217,9:32:20.122864575,B,68.33,3,68.96,3,R,26678501,A,,C,A,
20181217,9:32:20.122894805,B,68.33,3,68.96,3,R,26678601,A,,C,A,
20181217,9:32:20.392989266,P,67.62,1,68.79,1,R,26692701,A,,C,A,
20181217,9:32:20.392989266,Z,68.6,1,68.79,1,R,26692702,U,,C,A,
20181217,9:32:20.393060936,Z,68.6,1,68.79,1,R,26692801,A,,C,A,
20181217,9:32:20.393103000,N,68.6,1,68.75,1,R,26692901,A,,C,A,
20181217,9:32:20.393139547,Z,68.61,1,68.79,1,R,26693001,U,,C,A,
20181217,9:32:20.393179092,Z,68.63,1,68.79,1,R,26693101,U,,C,A,
20181217,9:32:20.393192949,Y,68.63,1,68.75,2,R,26693201,A,,C,A,
20181217,9:32:20.393197242,K,68.59,1,71.76,1,R,26693301,A,,C,A,
20181217,9:32:20.393209071,K,68.63,1,71.76,1,R,26693401,A,,C,A,
20181217,9:32:20.393240924,Z,68.7,1,68.79,1,R,26693501,U,,C,A,
20181217,9:32:20.393240924,N,68.61,1,68.75,1,R,26693502,A,,C,A,
20181217,9:32:20.393245527,Y,68.63,1,68.75,1,R,26693601,U,,C,A,
20181217,9:32:20.393245527,K,68.63,2,71.76,1,R,26693602,A,,C,A,
20181217,9:32:20.393301700,Y,68.63,1,68.75,1,R,26693701,A,,C,A,
20181217,9:32:20.393315555,Y,68.63,1,68.86,3,R,26693801,A,,C,A,
20181217,9:32:20.393315555,K,68.63,3,71.76,1,R,26693802,A,,C,A,
20181217,9:32:20.393320134,J,68.55,1,68.87,1,R,26693901,A,,C,A,
20181217,9:32:20.393323204,T,68.7,1,68.91,1,R,26694001,A,,C,A,
20181217,9:32:20.393340205,Z,68.7,1,68.92,1,R,26694101,U,,C,A,
20181217,9:32:20.393355620,Y,68.63,1,68.86,3,R,26694201,A,,C,A,
20181217,9:32:20.393391164,Z,68.7,1,68.9,1,R,26694301,A,,C,A,
20181217,9:32:20.393396948,N,68.61,1,68.82,6,R,26694401,U,,C,A,
20181217,9:32:20.393396948,B,68.33,3,68.96,3,R,26694402,A,,C,A,
20181217,9:32:20.393396948,K,68.64,5,71.76,1,R,26694403,A,,C,A,
20181217,9:32:20.393422177,B,68.33,3,68.96,3,R,26694501,A,,C,A,
20181217,9:32:20.393470840,M,68.61,2,0,0,R,26694601,A,,C,A,
20181217,9:32:20.393509877,Z,68.7,1,68.95,1,R,26694701,A,,C,A,
20181217,9:32:20.393509877,Z,68.7,1,68.93,1,R,26694702,A,,C,A,
20181217,9:32:20.393544086,Z,68.7,1,68.92,1,R,26694801,A,,C,A,
20181217,9:32:20.393544086,K,68.68,6,71.76,1,R,26694802,A,,C,A,
20181217,9:32:20.393602689,Z,68.7,1,68.93,1,R,26694901,A,,C,A,
20181217,9:32:20.393602689,Z,68.7,1,68.95,1,R,26694902,A,,C,A,
20181217,9:32:20.393602689,Z,68.7,1,68.94,1,R,26694903,A,,C,A,
20181217,9:32:20.393629030,T,68.7,1,68.91,2,R,26695001,U,,C,A,
20181217,9:32:20.393629030,Z,68.7,1,68.93,1,R,26695002,U,,C,A,
20181217,9:32:20.393661221,T,68.7,1,68.91,3,R,26695101,U,,C,A,
20181217,9:32:20.393661221,Z,68.7,1,68.94,1,R,26695102,U,,C,A,
20181217,9:32:20.393699873,Z,68.7,1,68.93,1,R,26695201,A,,C,A,
20181217,9:32:20.393740443,Z,68.7,1,68.94,1,R,26695301,A,,C,A,
20181217,9:32:20.393780505,Z,68.7,1,68.93,1,R,26695401,A,,C,A,
20181217,9:32:20.393819677,Z,68.7,1,68.94,1,R,26695501,A,,C,A,
20181217,9:32:20.393869006,Z,68.7,1,68.93,1,R,26695601,A,,C,A,
20181217,9:32:20.393869006,Z,68.7,1,68.94,1,R,26695602,A,,C,A,
20181217,9:32:20.393948625,Z,68.7,1,68.93,1,R,26695701,A,,C,A,
20181217,9:32:20.393948625,Z,68.7,1,68.94,1,R,26695702,A,,C,A,
20181217,9:32:20.393975459,P,67.62,3,68.79,1,R,26695801,A,,C,A,
20181217,9:32:20.394019931,Z,68.7,1,68.93,1,R,26695901,A,,C,A,
20181217,9:32:20.394061653,Z,68.7,1,68.94,1,R,26696001,A,,C,A,
20181217,9:32:20.394100661,T,68.7,1,68.91,4,R,26696101,U,,C,A,
20181217,9:32:20.394381871,Z,68.68,1,68.94,1,R,26696201,U,,C,A,
20181217,9:32:20.394949957,T,68.67,1,68.91,4,R,26696301,U,,C,A,
20181217,9:32:20.395022461,M,68.61,2,68.78,2,R,26696401,U,,C,A,
20181217,9:32:20.395302122,Z,68.68,1,68.93,2,R,26696501,A,,C,A,
20181217,9:32:20.395380545,Z,68.68,1,68.93,3,R,26696701,A,,C,A,
20181217,9:32:20.396873089,K,68.67,3,71.76,1,R,26697301,U,,C,A,
20181217,9:32:20.397434330,Y,68.55,1,68.86,3,R,26697401,A,,C,A,
20181217,9:32:20.401991000,Y,68.55,1,68.79,1,R,26698101,A,,C,A,
20181217,9:32:20.402022922,Z,68.68,1,68.92,2,R,26698201,A,,C,A,
20181217,9:32:20.402027162,K,68.66,3,71.76,1,R,26698301,A,,C,A,
20181217,9:32:20.402076607,K,68.67,4,71.76,1,R,26698401,A,,C,A,
20181217,9:32:20.402276865,Y,68.55,1,68.79,1,R,26698501,A,,C,A,
20181217,9:32:20.402276865,J,68.55,1,68.87,1,R,26698502,A,,C,A,
20181217,9:32:20.402289800,T,68.61,1,68.91,4,R,26698601,A,,C,A,
20181217,9:32:20.402293952,K,68.67,4,71.76,1,R,26698701,A,,C,A,
20181217,9:32:20.402312495,K,68.66,3,71.76,1,R,26698801,A,,C,A,
20181217,9:32:20.402312495,Z,68.67,1,68.92,2,R,26698802,U,,C,A,
20181217,9:32:20.402342960,Z,68.72,1,68.92,2,R,26698901,U,,C,A,
20181217,9:32:20.402347195,K,68.64,5,71.76,1,R,26699001,A,,C,A,
20181217,9:32:20.402349760,Y,68.56,1,68.79,1,R,26699101,A,,C,A,
20181217,9:32:20.402392939,Y,68.56,1,68.79,1,R,26699201,A,,C,A,
20181217,9:32:20.402404061,Y,68.55,1,68.79,1,R,26699301,A,,C,A,
20181217,9:32:20.402472847,K,68.63,4,71.76,1,R,26699401,A,,C,A,
20181217,9:32:20.402755032,B,68.33,3,68.96,3,R,26699501,A,,C,A,
20181217,9:32:20.402782965,B,68.33,3,68.96,3,R,26699601,A,,C,A,
20181217,9:32:20.402864562,Z,68.64,2,68.92,2,R,26699701,U,,C,A,
20181217,9:32:20.402904799,N,68.61,1,68.79,1,R,26699801,A,,C,A,
20181217,9:32:20.402942822,Z,68.64,2,68.92,2,R,26699901,A,,C,A,
20181217,9:32:20.402957400,K,68.63,1,71.76,1,R,26700001,A,,C,A,
20181217,9:32:20.402957400,Y,68.56,1,68.79,1,R,26700002,A,,C,A,
20181217,9:32:20.402988168,Z,68.64,2,68.82,1,R,26700101,A,,C,A,
20181217,9:32:20.402988168,J,68.55,1,68.87,1,R,26700102,A,,C,A,
20181217,9:32:20.403000677,K,68.63,1,68.82,1,R,26700201,A,,C,A,
20181217,9:32:20.403027649,Y,68.55,1,68.79,1,R,26700301,A,,C,A,
20181217,9:32:20.403105645,Z,68.64,1,68.82,1,R,26700401,U,,C,A,
20181217,9:32:20.403109702,Z,68.63,1,68.82,1,R,26700501,U,,C,A,
20181217,9:32:20.403187830,Z,68.62,1,68.82,1,R,26700601,A,,C,A,
20181217,9:32:20.403187830,K,68.62,4,68.82,1,R,26700602,U,,C,A,
20181217,9:32:20.403218355,T,68.61,1,68.82,1,R,26700701,A,,C,A,
20181217,9:32:20.403218355,T,68.61,1,68.82,2,R,26700702,A,,C,A,
20181217,9:32:20.403218355,T,68.61,1,68.82,3,R,26700703,A,,C,A,
20181217,9:32:20.403545429,Z,68.62,1,68.82,2,R,26700801,A,,C,A,
20181217,9:32:20.403549418,K,68.62,4,68.82,4,R,26700901,A,,C,A,
20181217,9:32:20.403629646,Z,68.62,1,68.81,2,R,26701001,A,,C,A,
20181217,9:32:20.403629646,K,68.62,4,68.81,5,R,26701002,A,,C,A,
20181217,9:32:20.417159948,K,68.61,4,68.81,5,R,26701401,U,,C,A,
20181217,9:32:20.417230024,Z,68.61,2,68.81,2,R,26701501,U,,C,A,
20181217,9:32:20.432960972,J,68.55,1,68.87,1,R,26701701,A,,C,A,
20181217,9:32:20.433160400,Z,68.61,2,68.82,1,R,26701801,A,,C,A,
20181217,9:32:20.433164693,K,68.61,4,68.82,3,R,26701901,A,,C,A,
20181217,9:32:20.436920106,M,0,0,68.78,2,R,26702301,A,,C,A,
20181217,9:32:20.438355502,M,0,0,0,0,R,26702401,U,,C,A,
20181217,9:32:20.451846830,N,68.61,1,68.79,1,R,26703001,A,,C,A,
20181217,9:32:20.451850950,Y,68.55,1,68.79,1,R,26703101,A,,C,A,
20181217,9:32:20.473806139,P,67.62,1,68.79,1,R,26703601,U,,C,A,
20181217,9:32:20.473835748,P,67.6,1,68.79,1,R,26703701,A,,C,A,
20181217,9:32:20.511433424,J,68.55,1,71.76,2,R,26705001,A,,C,A,
20181217,9:32:20.517384894,Z,68.61,2,68.83,1,R,26705401,A,,C,A,
20181217,9:32:20.517397406,T,68.61,1,68.78,1,R,26705501,U,,C,A,
20181217,9:32:20.517423870,T,68.61,1,68.78,2,R,26705601,U,,C,A,
20181217,9:32:20.517423870,T,68.61,1,68.78,3,R,26705602,U,,C,A,
20181217,9:32:20.517423870,T,68.61,1,68.78,4,R,26705603,U,,C,A,
20181217,9:32:20.517428934,K,68.61,4,68.83,3,R,26705701,A,,C,A,
20181217,9:32:20.517432028,Y,68.55,1,68.78,1,R,26705801,A,,C,A,
20181217,9:32:20.517500609,Z,68.61,2,68.84,1,R,26705901,A,,C,A,
20181217,9:32:20.517509537,K,68.61,4,68.84,4,R,26706001,A,,C,A,
20181217,9:32:20.517540590,Z,68.61,2,68.86,1,R,26706101,A,,C,A,
20181217,9:32:20.517581157,K,68.61,4,68.86,3,R,26706201,A,,C,A,
20181217,9:32:20.517620430,Z,68.61,2,68.87,1,R,26706301,A,,C,A,
20181217,9:32:20.517667065,K,68.61,4,68.88,4,R,26706401,A,,C,A,
20181217,9:32:20.517740327,Z,68.61,2,68.88,2,R,26706501,A,,C,A,
20181217,9:32:20.517758743,K,68.61,4,68.87,4,R,26706601,A,,C,A,
20181217,9:32:20.517758743,K,68.61,4,68.88,4,R,26706602,A,,C,A,
20181217,9:32:20.517821653,K,68.61,4,68.87,2,R,26706701,A,,C,A,
20181217,9:32:20.517825707,Z,68.61,2,68.87,2,R,26706801,A,,C,A,
20181217,9:32:20.517829704,Z,68.61,2,68.88,2,R,26706901,A,,C,A,
20181217,9:32:20.517860254,K,68.61,4,68.88,4,R,26707001,A,,C,A,
20181217,9:32:20.622738863,Z,68.61,2,68.88,2,R,26709701,A,,C,A,
20181217,9:32:20.922598225,P,67.61,2,68.79,1,R,26716801,A,,C,A,
20181217,9:32:21.198207790,Z,68.61,2,68.87,1,R,26732901,A,,C,A,
20181217,9:32:21.198212083,K,68.61,4,68.87,6,R,26733001,A,,C,A,
20181217,9:32:21.276481514,K,68.61,4,68.87,3,R,26738301,A,,C,A,
20181217,9:32:21.428911477,Z,68.61,2,68.86,1,R,26754101,A,,C,A,
20181217,9:32:21.601821165,J,68.55,1,68.89,1,R,26760701,A,,C,A,
20181217,9:32:22.408521608,Z,68.61,2,68.85,1,R,26822401,A,,C,A,
20181217,9:32:22.431771408,Z,68.61,2,68.84,1,R,26822901,A,,C,A,
20181217,9:32:22.590668005,K,68.61,4,68.78,1,R,26826201,A,,C,A,
20181217,9:32:22.626485093,N,68.6,1,68.79,1,R,26826801,A,,C,A,
20181217,9:32:24.752248022,B,65.6,1,68.96,3,R,26980101,A,,C,A,
20181217,9:32:25.592081097,B,68.4,3,68.96,3,R,27051901,A,,C,A,
20181217,9:32:25.789868761,N,68.6,1,68.77,1,R,27068001,U,,C,A,
20181217,9:32:25.790391752,Y,68.55,1,68.89,3,R,27068101,A,,C,A,
20181217,9:32:25.790417309,Z,68.61,2,68.83,2,R,27068201,A,,C,A,
20181217,9:32:25.790457692,Y,68.47,2,68.89,3,R,27068301,A,,C,A,
20181217,9:32:25.790497441,J,68.48,1,68.89,1,R,27068401,A,,C,A,
20181217,9:32:25.790533972,J,68.48,1,68.89,1,R,27068501,A,,C,A,
20181217,9:32:25.790539540,Y,68.47,2,68.89,3,R,27068601,A,,C,A,
20181217,9:32:25.800505293,Y,68.47,2,68.77,1,R,27068801,A,,C,A,
20181217,9:32:25.864773835,T,68.61,1,68.78,3,R,27079001,A,,C,A,
20181217,9:32:25.869603541,Z,68.61,2,68.83,1,R,27080101,A,,C,A,
20181217,9:32:25.932832853,T,68.61,1,68.77,1,R,27087401,A,,C,A,
20181217,9:32:25.932863257,T,68.61,1,68.77,2,R,27087501,U,,C,A,
20181217,9:32:25.932881563,T,68.61,1,68.77,3,R,27087601,U,,C,A,
20181217,9:32:25.932881563,T,68.61,1,68.77,4,R,27087602,U,,C,A,
20181217,9:32:25.996443924,Z,68.61,2,68.83,1,R,27092401,A,,C,A,
20181217,9:32:25.996563947,Z,68.61,2,68.82,2,R,27092501,A,,C,A,
20181217,9:32:26.099764049,Z,68.61,2,68.82,1,R,27101701,A,,C,A,
20181217,9:32:26.211243858,K,68.61,4,68.82,4,R,27108301,A,,C,A,
20181217,9:32:26.211312785,K,68.61,4,68.82,3,R,27108401,A,,C,A,
20181217,9:32:26.252574866,X,68.43,7,68.77,1,R,27113101,A,,C,A,
20181217,9:32:26.400176375,T,68.61,2,68.77,4,R,27121301,A,,C,A,
20181217,9:32:30.394197880,Z,68.61,1,68.82,1,R,27419101,A,,C,A,
20181217,9:32:30.394287659,T,68.61,1,68.77,4,R,27419201,A,,C,A,
20181217,9:32:30.395286809,N,68.59,2,68.77,1,R,27419301,A,,C,A,
20181217,9:32:30.395797679,Z,68.6,1,68.82,1,R,27419401,A,,C,A,
20181217,9:32:30.395847997,K,68.6,2,68.82,3,R,27419501,U,,C,A,
20181217,9:32:31.457860011,P,68.54,1,68.79,1,R,27521501,A,,C,A,
20181217,9:32:31.462891558,P,68.58,1,68.79,1,R,27522101,A,,C,A,
20181217,9:32:31.462936486,P,68.58,1,68.79,2,R,27522201,A,,C,A,
20181217,9:32:31.522133147,N,68.6,1,68.77,1,R,27547701,A,,C,A,
20181217,9:32:31.871252967,K,68.6,2,68.82,3,R,27578001,A,,C,A,
20181217,9:32:31.871352012,K,68.6,2,68.81,3,R,27578301,A,,C,A,
20181217,9:32:34.009753860,N,68.6,1,68.79,1,R,27676401,A,,C,A,
20181217,9:32:35.005875861,N,68.6,1,68.77,1,R,27712101,A,,C,A,
20181217,9:32:35.165358344,Z,68.6,1,68.76,1,R,27721001,U,,C,A,
20181217,9:32:35.165453732,K,68.6,2,68.8,3,R,27721101,A,,C,A,
20181217,9:32:35.165479119,Y,68.47,2,68.89,3,R,27721201,A,,C,A,
20181217,9:32:35.165563944,K,68.6,2,68.79,4,R,27721301,A,,C,A,
20181217,9:32:35.165727375,K,68.6,2,68.78,6,R,27721401,A,,C,A,
20181217,9:32:35.173647187,Y,68.47,2,68.76,1,R,27721801,A,,C,A,
20181217,9:32:35.224549461,T,68.61,1,68.77,3,R,27725901,A,,C,A,
20181217,9:32:35.239029366,K,68.6,2,68.78,2,R,27727101,A,,C,A,
20181217,9:32:35.289091180,T,68.61,1,68.76,1,R,27728801,A,,C,A,
20181217,9:32:35.289107570,T,68.61,1,68.76,2,R,27728901,G,,C,A,
20181217,9:32:35.289127853,T,68.61,1,68.76,3,R,27729001,G,,C,A,
20181217,9:32:35.289127853,T,68.61,1,68.76,4,R,27729002,G,,C,A,
20181217,9:32:37.149258450,P,68.58,1,68.75,1,R,27832701,U,,C,A,
20181217,9:32:37.149440500,N,68.59,2,68.77,1,R,27833101,A,,C,A,
20181217,9:32:37.149820250,K,68.6,2,68.78,2,R,27833201,A,,C,A,
20181217,9:32:37.149865725,Y,68.47,2,68.89,3,R,27833301,A,,C,A,
20181217,9:32:37.160555884,Y,68.47,2,68.75,1,R,27835301,A,,C,A,
20181217,9:32:38.311022429,T,67.99,1,68.76,4,R,27911101,U,,C,A,
20181217,9:32:38.311052216,Z,68.59,1,68.76,1,R,27911201,A,,C,A,
20181217,9:32:38.311052216,T,68.58,1,68.76,4,R,27911202,A,,C,A,
20181217,9:32:38.311064580,K,68.59,3,68.78,2,R,27911301,U,,C,A,
20181217,9:32:38.311084873,T,68.58,2,68.76,4,R,27911401,A,,C,A,
20181217,9:32:38.311326950,T,68.58,1,68.76,4,R,27911501,A,,C,A,
20181217,9:32:38.613118550,X,68.43,7,68.91,9,R,27925901,A,,C,A,
20181217,9:32:38.655684306,Z,68.59,1,68.75,1,R,27926501,A,,C,A,
20181217,9:32:38.655812820,K,68.59,3,68.77,3,R,27926601,A,,C,A,
20181217,9:32:38.656011218,T,68.49,1,68.76,4,R,27926701,A,,C,A,
20181217,9:32:38.704147240,K,68.59,3,68.76,3,R,27927201,A,,C,A,
20181217,9:32:39.458077149,N,68.59,3,68.77,1,R,27934701,A,,C,A,
20181217,9:32:40.135823188,T,68.49,2,68.76,4,R,27997701,A,,C,A,
20181217,9:32:40.135849087,T,68.49,1,68.76,4,R,27997801,A,,C,A,
20181217,9:32:40.135853399,T,68.49,2,68.76,4,R,27997901,A,,C,A,
20181217,9:32:40.346567674,T,68.49,2,68.76,3,R,28012601,A,,C,A,
20181217,9:32:40.438591024,T,68.49,2,68.75,1,R,28017401,A,,C,A,
20181217,9:32:40.438603530,T,68.49,2,68.75,2,R,28017501,U,,C,A,
20181217,9:32:40.438619902,T,68.49,2,68.75,3,R,28017601,U,,C,A,
20181217,9:32:40.438631985,T,68.49,2,68.75,4,R,28017701,U,,C,A,
20181217,9:32:40.464405885,B,68.4,3,68.96,3,R,28017801,A,,C,A,
20181217,9:32:45.134304213,P,68.58,1,68.79,2,R,28284001,A,,C,A,
20181217,9:32:45.134379938,P,68.62,1,68.79,2,R,28284101,U,,C,A,
20181217,9:32:45.134476343,K,68.59,3,68.76,3,R,28284201,A,,C,A,
20181217,9:32:45.134751036,M,68.6,2,0,0,R,28284301,A,,C,A,
20181217,9:32:45.135079684,B,68.4,3,68.96,3,R,28284401,A,,C,A,
20181217,9:32:45.135096499,B,68.4,3,68.96,3,R,28284501,A,,C,A,
20181217,9:32:45.135200925,K,68.59,3,68.76,3,R,28284601,A,,C,A,
20181217,9:32:45.135272256,T,68.49,1,68.75,4,R,28284701,A,,C,A,
20181217,9:32:45.135472985,B,68.4,3,68.96,3,R,28284801,A,,C,A,
20181217,9:32:45.135487954,B,68.4,3,68.96,3,R,28284901,A,,C,A,
20181217,9:32:45.146208283,K,68.59,3,68.76,3,R,28285301,A,,C,A,
20181217,9:32:45.148954306,B,68.4,3,68.96,3,R,28285401,A,,C,A,
20181217,9:32:45.181979428,M,0,0,0,0,R,28291201,A,,C,A,
20181217,9:32:45.192740642,N,68.62,1,68.77,1,R,28291601,A,,C,A,
20181217,9:32:45.479741212,Z,68.59,1,68.76,2,R,28314801,A,,C,A,
20181217,9:32:45.479827755,K,68.59,3,68.77,3,R,28314901,A,,C,A,
20181217,9:32:45.961706779,Y,66.29,1,68.75,1,R,28325901,A,,C,A,
20181217,9:32:46.093198098,T,68.61,1,68.75,4,R,28328701,A,,C,A,
20181217,9:32:46.093260491,T,68.62,1,68.75,4,R,28328801,A,,C,A,
20181217,9:32:47.011771568,Y,68.51,2,68.75,1,R,28406401,A,,C,A,
20181217,9:32:47.011840168,Y,68.51,2,68.75,1,R,28406501,A,,C,A,
20181217,9:32:47.011890067,J,68.48,1,68.89,1,R,28406601,A,,C,A,
20181217,9:32:48.092482998,T,68.49,1,68.75,4,R,28491101,A,,C,A,
20181217,9:32:48.093071223,N,68.62,3,68.77,1,R,28491201,U,,C,A,
20181217,9:32:48.156097393,Y,68.51,2,68.75,1,R,28494001,A,,C,A,
20181217,9:32:48.156184647,N,68.62,3,68.77,1,R,28494101,A,,C,A,
20181217,9:32:49.519194238,X,68.43,7,68.75,1,R,28583101,A,,C,A,
20181217,9:32:59.017094542,Z,68.59,1,68.76,1,R,29187301,A,,C,A,
20181217,9:32:59.017175090,Z,68.59,1,68.77,1,R,29187401,A,,C,A,
20181217,9:32:59.017181088,K,68.59,3,68.78,2,R,29187501,A,,C,A,
20181217,9:32:59.017281352,Z,68.59,1,68.78,1,R,29187701,A,,C,A,
20181217,9:33:00.008096352,T,68.59,1,68.75,4,R,29287501,A,,C,A,
20181217,9:33:00.008116432,T,68.59,2,68.75,4,R,29287601,A,,C,A,
20181217,9:33:01.257522682,N,68.62,3,68.77,1,R,29412501,A,,C,A,
20181217,9:33:01.266335636,P,68.62,1,68.75,1,R,29413001,A,,C,A,
20181217,9:33:01.266402499,P,68.58,1,68.75,1,R,29413501,A,,C,A,
20181217,9:33:01.266948021,K,68.59,3,68.78,2,R,29413901,A,,C,A,
20181217,9:33:02.229639580,T,68.59,2,68.7,1,R,29470601,U,,C,A,
20181217,9:33:02.229685020,Y,68.51,2,68.91,3,R,29470701,A,,C,A,
20181217,9:33:02.229685020,T,68.59,1,68.7,1,R,29470702,A,,C,A,
20181217,9:33:02.229689613,K,68.59,3,68.77,3,R,29470801,A,,C,A,
20181217,9:33:02.229702545,T,68.59,1,68.7,2,R,29470901,U,,C,A,
20181217,9:33:02.229702545,T,68.59,1,68.7,3,R,29470902,U,,C,A,
20181217,9:33:02.229702545,T,68.59,1,68.7,4,R,29470903,U,,C,A,
20181217,9:33:02.229753819,Y,68.51,2,68.91,3,R,29471101,A,,C,A,
20181217,9:33:02.229784866,J,68.48,1,68.89,1,R,29471201,A,,C,A,
20181217,9:33:02.237125127,T,68.59,2,68.7,4,R,29471301,A,,C,A,
20181217,9:33:02.237125127,Y,68.51,2,68.72,1,R,29471302,A,,C,A,
20181217,9:33:02.277777471,N,68.62,3,68.77,1,R,29476701,A,,C,A,
20181217,9:33:02.389520522,Z,68.59,1,68.7,1,R,29486201,A,,C,A,
20181217,9:33:02.389729632,Y,68.51,2,68.91,3,R,29486301,A,,C,A,
20181217,9:33:02.389766634,Y,68.51,2,68.71,1,R,29486401,A,,C,A,
20181217,9:33:02.389852669,K,68.59,3,68.76,2,R,29486501,A,,C,A,
20181217,9:33:02.475998375,K,68.59,3,68.75,3,R,29487901,A,,C,A,
20181217,9:33:02.476117589,K,68.59,3,68.74,7,R,29488001,A,,C,A,
20181217,9:33:02.528734638,Y,68.51,2,68.91,3,R,29488601,A,,C,A,
20181217,9:33:02.528750260,Y,68.51,2,68.7,1,R,29488701,A,,C,A,
20181217,9:33:02.549064838,K,68.59,3,68.74,2,R,29489201,A,,C,A,
20181217,9:33:02.569830804,N,68.62,3,68.73,1,R,29489501,A,,C,A,
20181217,9:33:03.623617999,X,68.43,7,68.91,9,R,29586201,A,,C,A,
